3278 5610
94 2606 97 2610 ,
205 2554 350 2606 committed

374 762 439 825 112
506 773 673 824 ulmam
696 772 908 824 PARISIENSIS
930 770 1094 824 HISTORIA
1117 771 1317 825 ANGLOBUM.

203 945 472 1012 A.1).rasr.nimis
506 953 541 1014 at
573 949 781 1014 nominatum
806 948 1004 1026 Gouradum,
1028 947 1135 1012 filium
1170 947 1363 1024 Fretherici,
1389 949 1424 1012 et

204 1035 350 1149 &effi
374 1070 486 1115 omues
508 1051 656 1137 ejusdem
673 1051 856 1117 Fretherici
872 1050 1026 1116 fautores,
1066 1048 1319 1135 Sciendumque,
1336 1049 1424 1136 quod

204 1166 298 1217 nicam
310 1167 352 1217 mc
373 1148 427 1216 die
459 1152 616 1218 Mercurii
648 1153 685 1217 in
717 1151 902 1218 ebdomada
935 1151 1097 1230 Pasoholi,
1135 1173 1288 1239 expensae
1320 1173 1425 1239 papae,

205 1233 344 1351 ffiff
372 1275 456 1339 quas
477 1254 653 1322 adinvenit
677 1254 858 1342 Philippus,
880 1253 1004 1319 electus
1027 1253 1269 1341 Lugdunensis,
1291 1259 1333 1320 nt
1358 1253 1422 1320 sub

206 1367 258 1416 raa
372 1377 475 1420 manu
508 1361 640 1422 armata
672 1355 784 1421 tutius
818 1355 1063 1432 conduceretur,
1085 1356 1129 1421 ad
1160 1355 1234 1442 plus
1257 1377 1356 1442 quam
1380 1355 1425 1421 ad

204 1444 352 1562 dimin
372 1457 476 1523 trium
509 1458 640 1525 milium
662 1480 846 1524 marcarum
869 1457 1014 1545 pretium
1037 1457 1261 1525 ascenderunt.
1308 1457 1425 1524 Reces-

205 1579 332 1644 escorung
373 1581 429 1625 sus
466 1559 572 1646 igitur
608 1582 704 1647 papae
741 1581 763 1624 a
800 1559 1003 1625 Francorum
1039 1558 1165 1624 finibus
1198 1564 1233 1625 et
1264 1558 1424 1638 absentia,

203 1644 320 1759 &3⁰9⁶
375 1683 497 1728 cornua
531 1661 695 1728 dederunt
724 1660 853 1748 popello
878 1661 937 1740 illi,
961 1661 1020 1747 qui
1044 1659 1196 1726 Pastores
1226 1661 1263 1725 in
1286 1661 1426 1728 Francia

204 1777 310 1829 mance.
373 1763 578 1842 dicebantur,
600 1763 636 1828 in
671 1763 854 1850 periculum
888 1763 967 1829 fidei
1002 1763 1182 1843 catholicae,
1214 1768 1250 1829 ot
1283 1764 1425 1830 ecclesiae

205 1856 440 1973 {ffiffissfmss
462 1864 635 1930 minimam
657 1864 856 1931 laesionem..
882 1863 947 1930 Isti
976 1886 1095 1951 nempe
1112 1865 1184 1951 jam
1207 1866 1290 1931 adeo
1312 1866 1427 1932 multi-

204 1989 321 2039 reauxin
373 1967 488 2054 plicati
510 1971 546 2032 et
567 1966 718 2032 roborati
741 1971 830 2044 sunt,
853 1970 892 2031 ut
913 1966 1090 2053 plusquam
1113 1967 1298 2054 quingenta
1322 1968 1426 2055 signa,

205 2054 311 2107 Franee.
373 2091 449 2156 quae
482 2067 667 2155 vulgariter
699 2067 824 2134 vexilla
854 2067 909 2133 vel
944 2066 1076 2133 banerae
1107 2068 1275 2147 dicuntur,
1297 2068 1334 2134 in
1365 2092 1426 2136 suo

374 2171 522 2237 deferent
544 2169 730 2250 comitatu3
753 2174 789 2235 et
810 2168 948 2235 cuilibet
969 2169 1065 2257 signo
1086 2169 1146 2236 xla
1169 2169 1224 2235 vel
1245 2170 1324 2237 lex
1345 2172 1426 2258 ipsis
1547 2231 1562 2245 ,

372 2272 603 2339 intendebant
651 2270 815 2338 Civitates
849 2271 954 2358 igitur
987 2278 1022 2336 et
1056 2271 1234 2337 civitatum
1265 2272 1427 2339 universi·

372 2378 460 2441 tates
491 2373 580 2461 ipsos
609 2373 682 2461 jam
711 2373 921 2438 mediocriter
943 2372 1177 2452 formidabant,
1199 2373 1250 2439 ita
1272 2380 1312 2440 ut
1335 2375 1426 2441 vide-

206 2489 326 2539 nxocsses
371 2480 489 2542 rentur
503 2475 704 2542 Antichristi
719 2480 870 2561 tempora
884 2474 1045 2541 suscitari.
1091 2475 1308 2542 Accessorunt
1322 2477 1427 2564 igitur

205 2621 319 2684 bython
334 2578 593 2673 „Aurelianim
618 2581 732 2642 totum
764 2576 812 2642 ibi
846 2576 969 2641 clerum
1004 2575 1239 2658 exturbarunt,
1271 2583 1315 2653 et,
1349 2600 1427 2646 con-

207 2687 322 2738 Orleans·
373 2680 599 2747 sentientibus
632 2678 772 2760 civibus,
795 2678 897 2744 libros
931 2678 1120 2744 clericorum
1156 2679 1426 2763 combusserunt3

373 2789 415 2862 et,
439 2782 607 2870 aliquibus
640 2802 683 2847 ex
717 2780 845 2847 clericis
870 2780 908 2844 in
931 2779 1075 2867 Ligerim
1099 2782 1284 2861 submersis,
1308 2783 1427 2869 aliqui-

206 2887 330 2966 Desmof
373 2885 436 2951 bus
459 2884 558 2950 aliter
579 2882 774 2959 interiectis,
801 2882 869 2948 fere
892 2903 1005 2948 omnes
1028 2883 1230 2969 effugarunt.
1276 2884 1422 2950 Tandem

205 2954 350 3071 telppptlcad·
372 2987 464 3075 apud
488 2983 660 3052 Biturim¹
683 2985 843 3071 magistro
873 3005 987 3050 eorum
1019 2984 1203 3064 interfecto,
1230 2986 1425 3053 detunicuta

204 3088 326 3154 Bourges.
372 3090 439 3155 fuit
460 3089 550 3154 fraus
582 3109 703 3155 eorum.
750 3087 796 3152 Et
827 3086 1000 3152 dicebatur
1021 3087 1121 3152 fuisse
1144 3087 1231 3154 idem
1255 3088 1424 3176 impostor,

372 3192 440 3278 qui,
458 3190 531 3278 jam
554 3189 733 3256 transactis
755 3188 887 3255 circiter
908 3188 954 3254 xl.
971 3189 1076 3270 annis,
1092 3189 1129 3253 in
1152 3189 1294 3257 Francia
1307 3212 1425 3278 pueros

372 3292 657 3380 processionaliter
687 3292 878 3357 incedentes
915 3291 1141 3377 congregavit,
1180 3297 1215 3357 et
1252 3297 1425 3358 cantantes

370 3418 484 3462 versus
516 3417 604 3461 mare
637 3393 783 3459 minavit
813 3391 1118 3459 Mediterraneum,2
1180 3393 1246 3458 Sed
1273 3398 1344 3458 tam
1367 3393 1424 3459 isti

373 3497 525 3563 Pastores
547 3517 647 3581 quam
679 3495 762 3562 dicti
793 3494 888 3582 pueri
911 3494 1091 3582 perierunt.
1137 3495 1217 3560 Non
1239 3499 1363 3573 tamen,
1384 3500 1424 3561 ut

371 3599 437 3663 viri
461 3598 595 3663 discreti
618 3597 817 3674 asserebant,
834 3602 910 3684 post
933 3601 1084 3684 tempora
1106 3597 1330 3664 Machomethi
1353 3602 1424 3664 tam

372 3699 550 3766 metuenda
583 3699 687 3786 pestis
721 3698 912 3785 ingruebat,
946 3719 1006 3765 nec
1040 3699 1123 3763 citra
1144 3703 1294 3785 tempora
1323 3699 1424 3764 Anti-

371 3802 489 3868 christi
526 3801 674 3866 creditur
712 3800 867 3878 affutura,
901 3800 1045 3866 maxime
1083 3822 1157 3867 cum
1196 3802 1306 3887 captio
1337 3801 1423 3887 regis

372 3904 576 3970 Francorum
598 3901 697 3970 corda
718 3903 901 3968 multorum
925 3901 961 3967 in
983 3902 1049 3967 fide
1071 3902 1193 3970 fecerat
1216 3902 1377 3970 vacillare.

566 4159 736 4229 Domictc
757 4157 825 4226 eolo
848 4164 948 4244 terras
971 4158 1222 4247 complanatur.

203 4311 360 4364 ”mim
415 4313 574 4403 Tempore
619 4337 750 4403 quoque
790 4313 853 4379 sub
891 4312 1005 4378 eodem
1038 4312 1203 4379 Soldanus
1238 4309 1423 4378 Babiloniae

202 4379 360 4508 mpetu&
370 4418 571 4503 comperiens
602 4419 691 4504 quod
713 4415 873 4482 Damiata
905 4413 957 4480 bis
987 4415 1057 4500 jam
1094 4416 1215 4504 praeda,
1239 4415 1275 4479 in
1309 4415 1425 4500 obpro.

200 4511 243 4562 the
254 4511 357 4564 Soldan.

402 4648 410 4683 ¹
431 4648 552 4714 Biturici]
572 4651 690 4714 Butirim,
701 4651 757 4703 MS.
827 4649 833 4718 Ι
879 4649 890 4683 ²
906 4649 1129 4718 Mediterraneum]
1144 4649 1423 4713 Mediteraneum,MS·
