3278 5610
311 728 376 792 318
391 740 558 791 narrum
580 739 795 792 rsarsmusrs
818 740 1049 792 ssaarvnrrc
1071 740 1347 793 cnacmcoaun.

144 917 341 971 A.D.1250.at
357 914 515 982 Minorum,
534 916 674 972 uidelicet
699 917 805 971 fratros
823 915 860 969 de
878 915 978 970 Monte
1003 915 1140 981 Carmeli,
1160 916 1270 973 fratres
1290 916 1370 973 Oru-

143 996 299 1046 thorable
310 1001 477 1065 citerorum,
498 1006 528 1055 et
545 1000 667 1071 quidam
685 1001 736 1071 qui
755 1017 788 1055 se
805 1000 955 1071 appellant
972 1001 1079 1055 fratres
1095 1000 1132 1054 da
1144 1001 1258 1056 Ordine
1270 1001 1370 1057 sancti

143 1071 229 1112 ‘'¹⁰¹¹‘'
240 1065 267 1113 ¹¹¹
310 1084 480 1156 Augustini,
495 1092 525 1140 et
536 1085 622 1139 multi
634 1084 694 1139 alii.
715 1083 793 1140 Item
804 1083 836 1138 in
847 1083 1021 1139 Alamannia
1033 1091 1063 1141 et
1073 1085 1199 1140 Francia
1209 1086 1368 1151 mulieres,

142 1130 189 1260 31}
196 1142 270 1247 {leffe
271 1133 299 1180 d·
311 1188 376 1242 qum
394 1189 426 1226 sc
444 1170 592 1241 Bcguinas
611 1169 769 1224 nominant.
808 1168 897 1223 Multi
917 1170 1010 1224 sancti
1026 1169 1057 1222 in
1069 1168 1180 1241 Anglia
1196 1171 1315 1234 florent,
1336 1170 1370 1224 in

141 1271 254 1328 century.
311 1254 480 1326 Angliavol
499 1253 535 1308 da
552 1253 671 1325 Anglia,
691 1253 793 1308 beatus
813 1253 927 1308 scilicet
945 1252 1127 1318 Edmundus,
1141 1253 1370 1309 Cantuariensis

310 1339 556 1410 archiepiscopus,
578 1336 657 1408 apud
677 1337 882 1392 Pontiniacum
899 1333 1001 1407 jacens
1021 1337 1175 1392 choruscat
1198 1339 1367 1405 miraculis,

310 1423 501 1494 ejusdemque
512 1420 612 1487 frater,
627 1422 769 1491 magister
786 1419 942 1476 Robertus.
982 1418 1106 1477 Sanctus
1127 1421 1275 1477 Robartus
1296 1458 1304 1476 .
1328 1464 1336 1478 .
1359 1462 1366 1476 .

310 1505 519 1561 Londcniansis
543 1506 688 1576 Rogerus,
717 1506 755 1561 ad
781 1505 866 1575 cujus
893 1505 1026 1560 tumbam
1045 1506 1132 1577 sigua
1157 1505 1370 1578 appenduntur

311 1590 527 1661 quamplurima
551 1590 759 1644 beneficiorum
786 1587 960 1644 collatorum
989 1589 1113 1645 infirmis
1140 1592 1366 1647 testimonialia.

310 1675 387 1729 Item
399 1675 431 1728 in
447 1672 631 1738 Alamannia,
651 1679 751 1729 sancta
769 1673 931 1738 Elisabeth,
951 1674 1142 1745 Andagravia
1158 1675 1196 1730 de
1214 1670 1366 1747 Duringe,

311 1765 427 1815 sanctus
444 1759 631 1829 Augustinus
649 1759 680 1812 in
697 1759 867 1830 Norwagia,
887 1757 975 1813 claris
994 1759 1125 1830 probatis
1144 1764 1175 1814 et
1192 1760 1367 1831 approbatis

311 1843 461 1898 miraculis
490 1843 685 1898 illustrantur.
730 1844 770 1897 Et
799 1846 882 1898 extra
907 1844 995 1898 istam
1018 1844 1278 1915 quinquagenam)
1305 1846 1368 1901 aito

240 1948 242 1953 ’
311 1934 409 1984 tamen
426 1933 501 1998 post,
522 1926 599 1999 apud
617 1926 808 1990 Lincolniam,
829 1933 945 1982 sanetus
964 1928 1029 1997 ajus
1053 1929 1183 1984 civitatis
1207 1928 1368 2002 episcopus

312 2012 458 2067 [tebertus
478 2011 533 2077 11„
554 2012 725 2066 examinatis
744 2011 906 2075 miraculis,
929 2010 1058 2082 gloriosa
1081 2013 1170 2068 nimis
1191 2012 1365 2069 honoratur.

312 2096 397 2151 Unde
420 2097 451 2151 in
476 2096 578 2151 eadam
601 2096 726 2151 ecclesia
743 2095 795 2150 alil
819 2094 938 2165 pristini
968 2098 1071 2162 sancti,
1101 2098 1215 2153 seilicet
1243 2105 1368 2156 sanctus

312 2180 467 2251 Remigius
480 2185 510 2235 et
522 2184 640 2235 sanctus
658 2179 758 2249 Hugo,
774 2180 859 2251 quasi
877 2180 1097 2250 congaudentes
1110 2185 1141 2236 at
1152 2181 1368 2253 applaudentes

311 2283 386 2320 novo
405 2265 546 2320 confratri
569 2282 631 2329 suo,
652 2270 751 2318 sancto
778 2263 917 2328 Roberto,
937 2264 1008 2319 licat
1030 2282 1089 2319 non
1111 2266 1289 2334 canonicato,
1311 2286 1367 2324 sue

313 2348 425 2404 Christi
455 2348 590 2403 fidelihus
620 2348 761 2402 beneficia
790 2348 1001 2403 miraculorum
1031 2349 1116 2419 quasi
1146 2352 1280 2406 certatim
1311 2353 1367 2407 lm-

312 2433 485 2504 pandarunt‚
505 2438 658 2487 uteorum
684 2429 885 2487 testimonium
910 2432 1121 2487 canonizationl
1150 2436 1364 2507 aequipolleret.

313 2518 351 2572 Et
368 2534 426 2572 nou
444 2523 510 2588 post
526 2516 635 2571 multos
654 2515 717 2571 dies
737 2515 857 2586 quidam
875 2533 949 2587 puer
968 2515 1086 2571 circiter
1114 2514 1251 2590 [trium]²
1277 2536 1367 2576 anno·

312 2621 387 2667 rum,
421 2618 509 2673 quem
536 2599 634 2655 Judaei
662 2599 919 2664 circumciderunt,
952 2601 1168 2666 crucifixerunt,
1189 2609 1220 2658 et
1236 2610 1366 2674 postcr-

312 2687 441 2758 cogitata
457 2691 603 2740 tormenta
619 2685 651 2737 in
669 2702 756 2739 oruce
775 2684 954 2750 occiderunt,
975 2685 1006 2738 in
1024 2685 1148 2740 aeclesia
1165 2687 1366 2746 Lincolniensi

313 2771 455 2844 sepultus,
481 2770 583 2825 multis
606 2769 739 2824 sanitatis
766 2768 908 2841 suffragia
935 2768 1044 2825 dicitur
1068 2772 1236 2839 contulisse,
1262 2774 1306 2829 ita
1330 2782 1367 2831 ut

311 2856 436 2913 ccclesia
463 2853 676 2910 Lincolniensis
702 2853 873 2909 beatissima
898 2854 1117 2926 praedicaretur,
1138 2863 1168 2913 ct
1192 2876 1209 2912 a
1232 2861 1367 2932 peregri·

311 2942 418 2998 naliter
436 2958 501 2995 eam
518 2939 694 2995 adeuntibus
707 2940 907 2994 honoraretur.
946 2939 1015 3010 Ipse
1034 2957 1150 3010 quoque
1169 2941 1366 3002 Oicastransie

312 3024 455 3082 Ricardus
481 3025 552 3080 adeo
579 3024 686 3079 claruit
712 3024 873 3088 miraculis,
900 3028 935 3078 ut
963 3025 1135 3079 riderentur
1165 3028 1366 3097 apostolorum

311 3118 442 3182 tempora
477 3109 620 3165 renovari.
670 3107 878 3163 Rcaedificatur
908 3109 1033 3163 ccclesia
1062 3109 1365 3169 Westmonasterialis

312 3196 476 3266 sumptibus
496 3235 503 3248 .
524 3236 530 3249 .
553 3236 559 3248 .
580 3193 726 3256 Edwardi,
741 3193 777 3246 da
796 3192 928 3263 ejusdam
946 3194 1533 3264 registhcsaurofabncatur.1h·attsc

311 3279 391 3337 Vasa
423 3280 544 3350 insuper
569 3277 723 3332 carissima
749 3277 959 3348 impretiabilia
983 3284 1013 3332 et
1042 3279 1234 3335 admiratione
1259 3282 1362 3354 digna,

311 3382 379 3420 oum
397 3364 523 3434 gemmis
536 3361 696 3425 olosericis,
718 3360 887 3431 campanis³
904 3362 1078 3430 praelectis,
1093 3371 1124 3418 at
1140 3367 1224 3420 noris
1243 3366 1364 3423 liberta·

310 3449 389 3503 tibus
409 3448 504 3503 eidam
522 3446 621 3500 domui
647 3462 664 3499 a
687 3462 758 3515 rege
775 3446 982 3511 conferuntur;
1003 3447 1216 3519 aedificavitque
1234 3451 1364 3506 ibidem⁴

310 3533 445 3588 dominus
469 3548 520 3585 rcx
545 3529 707 3600 capitulum
730 3529 978 3600 incomparabilc.⁵
1013 3532 1230 3604 Albigcnsium,
1251 3535 1365 3591 lovini·

311 3635 441 3680 anorum‚
462 3615 649 3685 Bugororum
676 3619 706 3668 at
731 3614 856 3668 aliorum
881 3616 1042 3670 errantium
1061 3616 1188 3674 haerescs
1208 3619 1365 3691 diligentia

310 3702 536 3773 praedicatorum
554 3696 767 3753 exsufflantur.⁶
803 3699 839 3752 In
857 3699 950 3754 Tarra
981 3702 1109 3756 constal
1139 3723 1208 3775 pars
1235 3705 1362 3760 christi·

311 3803 441 3848 anorum,
464 3783 632 3837 Surrucenis
652 3782 688 3836 ad
706 3790 808 3837 votum
826 3801 904 3854 saepa
922 3785 1182 3856 triumphantibus,
1202 3807 1260 3843 non
1272 3789 1364 3844 medi·

310 3869 418 3924 acriter
448 3866 632 3932 infirmatum
665 3864 716 3921 sad
746 3866 777 3920 in
808 3866 955 3938 Hispania
977 3869 1096 3938 jactura
1129 3873 1198 3928 talis
1235 3873 1363 3930 feliciter

344 4116 350 4147 ¹
370 4125 440 4165 extro
458 4118 527 4164 iatum
544 4113 751 4178 quinquuycuum]
772 4114 812 4164 On
891 4118 900 4145 ⁴
918 4114 1016 4181 ibium]
1036 4118 1074 4166 At
1087 4119 1141 4168 first
1153 4120 1252 4170 written
1264 4120 1361 4187 eisdem,

233 4194 235 4199 '
310 4212 342 4246 uu
357 4210 465 4256 erasure,
483 4196 531 4244 and
549 4192 648 4243 written
668 4193 813 4257 quinquaqi-
856 4197 901 4244 hut
930 4197 1017 4245 crased
1048 4196 1098 4246 and
1130 4214 1196 4248 corr.
1224 4199 1251 4248 in
1279 4216 1359 4267 marg.

311 4292 381 4324 murus.
858 4273 970 4324 Omitted
981 4273 1005 4323 in
1018 4274 1104 4324 Floras
1115 4275 1183 4327 Hiar.

342 4355 352 4386 ἓ
371 4354 456 4420 trium]
470 4352 497 4403 A
508 4352 586 4403 blank
598 4366 672 4418 space
683 4353 706 4401 is
717 4351 762 4402 left
773 4351 814 4400 sor
889 4352 899 4382 ⁵
917 4354 1116 4420 incomparabile]
1150 4356 1362 4424 imcomparabile,

310 4435 360 4485 this
372 4437 441 4485 word
457 4434 485 4483 in
497 4433 539 4484 tha
551 4432 617 4493 Ms„
628 4432 710 4482 which
722 4432 743 4481 is
754 4448 813 4495 sup·
833 4438 836 4515 Ι
859 4432 913 4482 MS.

309 4516 377 4579 plied
390 4517 456 4563 thom
467 4514 551 4563 Floras
563 4513 631 4562 Hiar.
833 4524 836 4537 ¹
889 4513 899 4543 ⁶
917 4513 1092 4580 exsufflantur]
1113 4517 1262 4576 excflcntur,
1274 4519 1331 4569 MS.

342 4592 498 4651 ³cloacricia,
519 4593 659 4659 campania]
682 4599 707 4642 et
726 4582 836 4699 sericis]
889 4593 948 4642 ²112
982 4594 1059 4643 Terra
1098 4595 1206 4662 Saucia]
1260 4598 1361 4649 Interea

203 4673 205 4675 ’
309 4675 407 4738 pannis,
419 4673 504 4722 Floras
515 4674 584 4723 Hiar.
834 4671 1128 4735 ,sanethlcrecHist
