3278 5610
292 748 333 809 22
421 758 585 809 IIA'I'IHAEI
610 757 826 813 Psmsutusls
848 755 1013 808 HISTORIA
1034 754 1233 809 mucosus.

128 934 451 1001 A.D.1247.ub10um
484 933 707 1015 convenirent,
741 932 829 1002 dixit
861 932 1031 1020 episcopus
1064 930 1266 1010 Parisiensis
1301 930 1341 1003 de

127 1013 281 1145 fflgtflssged
296 1037 389 1124 cujus
412 1057 511 1101 manu
533 1036 620 1101 idem
642 1057 708 1114 rex,
732 1056 806 1106 oum
829 1036 870 1101 dc
892 1031 1111 1105 infirmitata¹
1133 1055 1193 1103 sua
1222 1055 1339 1104 convo·

127 1154 154 1197 ‘0
165 1147 250 1210 mise
297 1140 412 1204 luisset
427 1162 447 1203 a
472 1139 576 1226 portis
599 1140 715 1203 mortis
737 1143 914 1215 revocatus,
931 1159 1058 1204 crucem
1073 1141 1258 1224 susceperat
1271 1158 1340 1201 ma-

127 1213 250 1328 &13:³⁸⁸
296 1238 437 1320 nifeste,²
459 1240 631 1306 “Domine
654 1263 720 1318 rex,
747 1241 880 1326 resigna
901 1262 1036 1321 crucem,
1052 1262 1094 1305 ne
1109 1245 1182 1306 tota
1202 1239 1342 1305 Francia
1391 1316 1400 1331 Ι

127 1345 160 1394 ¹¹0
171 1346 222 1394 sas
297 1367 357 1431 pro
381 1348 443 1408 tua
457 1343 608 1411 absentia
623 1344 741 1411 induat
756 1343 978 1411 confusionem
986 1368 995 1421 ;
1019 1364 1090 1411 eras
1106 1343 1194 1409 enim
1209 1347 1290 1408 tunc
1304 1341 1339 1405 in

127 1414 249 1462 mm&
295 1447 403 1512 extasi
425 1445 561 1532 posttus
586 1445 638 1510 tui
660 1446 766 1531 impos
795 1445 927 1533 ipsius.'’
972 1445 1056 1511 (turm
1078 1445 1184 1533 igitur
1206 1446 1249 1510 ad
1280 1444 1340 1509 hoc

293 1550 458 1614 instarent
480 1552 588 1612 mater
611 1547 682 1633 ejus
704 1553 739 1613 et
760 1547 885 1624 fratres,
911 1551 945 1613 et
968 1547 1071 1613 etiarn
1093 1554 1185 1614 carta
1214 1545 1341 1639 papalis

293 1651 507 1737 persuasoria,
532 1671 631 1736 quam
652 1649 888 1735 adquisierant,
903 1649 953 1714 ait
964 1663 1035 1729 rex,
1059 1651 1164 1716 “Fiat
1187 1650 1341 1715 voluntas

294 1752 436 1832 vestra,'’
460 1757 494 1818 et
516 1773 645 1818 crucem
667 1751 703 1815 in
735 1773 836 1816 manu
859 1751 941 1817 dicti
973 1752 1117 1839 episcopi
1147 1751 1338 1840 resignavit.

128 1846 282 1977 {uetffissyw’
296 1855 383 1942 Ipsis
405 1855 511 1942 igitur
541 1852 583 1919 ob
615 1854 677 1919 hoc
710 1852 909 1931 lactantibus,
944 1858 1019 1939 post
1052 1853 1223 1943 paululum
1254 1853 1342 1919 dixit

130 1979 241 2044 magn„
295 1979 363 2035 rex,
387 1956 480 2042 qussi
511 1956 624 2033 iratus,
660 1954 784 2021 “Nunc
814 1978 887 2020 sum
910 1976 1040 2042 compos
1073 1956 1138 2020 mei
1161 1960 1194 2021 et
1229 1976 1342 2020 sensus

130 2046 264 2103 anamais
296 2060 500 2147 integerrimi
512 2084 520 2138 ;
550 2057 677 2124 reddite
706 2059 790 2122 mihi
821 2079 949 2128 crucem
979 2058 1116 2125 Domini
1141 2059 1207 2123 mei
1237 2058 1342 2124 Jhesu

299 2162 431 2230 Christi.
477 2160 572 2226 Vivit
620 2161 791 2242 Dominus,
829 2183 999 2248 nunquam
1033 2161 1143 2226 eibum
1175 2162 1341 2248 accipiam,

298 2267 401 2332 donec
424 2284 516 2329 cruce
547 2262 692 2350 resignes
705 2261 757 2345 ;”8
791 2268 825 2328 et
849 2264 1009 2350 reaccepit
1031 2285 1165 2341 crucem,
1191 2263 1342 2328 omnibus

300 2368 416 2434 invitis
458 2369 491 2431 et
534 2366 657 2431 frustra
700 2365 962 2432 reclamantibus.
1018 2365 1070 2430 Ex
1114 2371 1195 2431 tunc
1232 2371 1343 2432 autem

295 2472 424 2558 juravit
448 2470 629 2535 transitum
651 2470 922 2561 peregrinationis
946 2491 1015 2535 suae
1038 2469 1189 2535 dominus
1219 2491 1285 2548 rex,
1309 2474 1344 2535 et

302 2595 415 2640 omnes
430 2571 605 2660 optimates
620 2571 697 2657 ejus,
712 2572 864 2636 videntes
878 2593 936 2658 per
950 2572 1037 2638 hoo⁴
1051 2573 1205 2659 quoniam
1220 2572 1344 2659 digitus

301 2675 409 2762 [Βεὶ]ὅ
431 2679 489 2741 est.
540 2675 613 2743 Hoc
635 2696 764 2761 quoque
786 2671 872 2742 anno
894 2674 981 2743 facta
995 2680 1047 2740 cst
1061 2675 1242 2743 amicabilis
1257 2697 1343 2741 com·

263 2773 270 2785 ’
298 2779 418 2867 positio
440 2779 529 2843 inter
544 2777 711 2844 ecclesiam
726 2776 980 2845 Dunclmensem
1000 2783 1034 2844 ct
1048 2778 1215 2846 ecclesiam
1230 2778 1344 2849 Sancti

301 2879 436 2960 Albani,
476 2901 573 2966 super
609 2878 834 2944 visitationem
871 2880 913 2944 ab
943 2880 1092 2967 episcopo
1122 2879 1271 2946 facienda
1307 2881 1343 2945 in

299 2983 433 3048 ecelesia
462 2980 664 3068 parrochiali,
696 3003 770 3067 quae
800 2986 849 3046 est
881 2981 919 3045 in
952 2983 1151 3048 monasterio
1183 2984 1271 3049 cellae
1302 2985 1343 3050 de

298 3085 491 3150 Thinemua
536 3083 683 3149 Tandem
714 3084 760 3150 sic
782 3084 971 3172 conquievit
1002 3084 1052 3162 lis,
1084 3085 1170 3171 quod
1202 3087 1239 3150 in
1272 3087 1344 3173 ipsa
1439 3170 1443 3177 ,

299 3188 469 3278 episcopus
501 3186 703 3254 visitationis
736 3186 876 3254 officium
910 3184 1100 3255 exercebIt⁰
1142 3187 1211 3253 sine
1246 3209 1343 3256 onere

297 3289 546 3380 procurationis.
592 3289 676 3358 Haec
698 3295 809 3360 autem
825 3290 1017 3378 compositio
1038 3289 1167 3380 plenius
1189 3292 1344 3362 scribitur

299 3397 335 3461 in
357 3394 521 3460 thesauris
542 3393 718 3480 utrobique
745 3390 924 3481 depositis.⁷

334 3722 516 3788 ¹infimitaie]
535 3720 765 3782 Infirmitatem.
823 3719 825 3723 ’
879 3719 963 3771 ⁷11oe
980 3736 1073 3789 quoque
1089 3756 1195 3775 .....
1212 3721 1341 3789 depositis]

333 3802 502 3869 7ιιιιιιιξῐεείι]
523 3802 726 3853 Onanerasnra
846 3799 938 3849 Added
955 3800 982 3849 in
997 3814 1085 3865 marg,
1098 3800 1148 3849 and
1164 3799 1207 3851 the
1224 3802 1272 3852 last
1288 3803 1345 3853 four

333 3881 482 3947 Μώριον]
501 3879 706 3946 resinatum.
846 3880 982 3929 vordsare
996 3894 1073 3929 onan
1085 3894 1193 3940 erasme,
1203 3880 1302 3930 instead
1318 3882 1346 3932 ot

333 3961 418 4028 ⁴Ior]
439 3960 588 4012 Intsrlinsd.
622 3959 654 4009 In
673 3960 716 4009 the
735 3973 802 4009 mar-
846 3957 931 4008 whloh
955 3973 1035 4008 seems
1062 3958 1198 4024 originally
1225 3968 1252 4009 to
1279 3961 1345 4011 have

300 4041 345 4108 gin
357 4043 411 4092 also
430 4041 599 4092 Iocisadded
615 4040 679 4090 atior
695 4047 738 4102 m,
756 4040 802 4089 but
847 4039 910 4088 been
930 4038 1078 4098 mittanis
1093 4038 1153 4089 libro
1164 4039 1346 4092 Additamento·
1402 4032 1405 4045 ¹

301 4121 570 4266 wlerlldrlusflldpplied
580 4199 646 4250 from
658 4198 689 4248 Β.
700 4197 729 4250 G.
847 4134 999 4263 aisement·
1014 4155 1048 4248 is.
1056 4118 1141 4263 3713778
1152 4120 1349 4263 Ιιιῗεξῦῗεῃέεῗ

335 4277 345 4314 ⁸
363 4278 496 4345 exercetis]
515 4277 734 4338 execrantium.
848 4277 929 4339 Wats,
940 4292 964 4342 p.
978 4279 1049 4341 777),
1061 4279 1136 4330 datad
1147 4278 1218 4343 May,
1231 4282 1302 4330 1247.
