3278 5610
361 786 409 837 nn
430 787 590 838 rmrronn
613 790 714 838 neers
738 789 893 856 uruntur,
916 792 980 842 ruz.
1005 793 1128 842 rnnru.
1224 780 1267 842 93

215 976 302 1044 papa
322 956 448 1038 scribit,
471 962 511 1022 ut
532 958 599 1022 illis
621 959 658 1023 in
680 959 846 1024 beneficiis
869 961 1025 1025 uberibus
1047 960 1268 1046 provideatur,
1281 972 1349 1023 Aa).
1365 978 1427 1023 ruso

213 1057 266 1123 ita
286 1059 377 1146 qnod
399 1059 442 1123 ad
464 1063 594 1125 tantam
617 1061 765 1146 pecuniae
787 1061 1011 1147 quantitatem
1042 1062 1268 1140 ascenderunt,
1281 1051 1435 1154 l'figfflfflffl

56 1168 194 1225 alsae.
215 1166 256 1226 ut
277 1160 361 1247 regii
383 1160 533 1227 redditus
555 1162 736 1226 creduntur
758 1161 936 1228 testimari.l
993 1163 1127 1228 Fratres
1149 1165 1269 1228 Praedi·
1282 1163 1406 1196 nomm

214 1268 342 1329 catores
363 1267 399 1328 et
428 1262 582 1340 Minores,
605 1285 647 1327 ex
678 1269 842 1349 praecepto
865 1264 990 1328 domini
1013 1287 1107 1351 papie
1130 1212 1435 1352 urgenpeiiffliiis

214 1368 251 1431 et
271 1365 461 1432 obedientia
483 1368 629 1450 cogente,
653 1363 795 1429 officium
816 1365 960 1430 subeunt
990 1367 1025 1429 in
1048 1366 1190 1452 negotiis
1213 1313 1436 1465 ρα-ἒὲἔξξὲπ·

213 1467 347 1554 palibus
367 1467 575 1554 peragendis.
623 1466 752 1546 Quibus
774 1489 794 1530 a
817 1468 949 1532 domino
971 1490 1057 1554 papa
1080 1468 1269 1534 conceditur
1281 1474 1347 1516 ⁹⁰⁹⁰·

214 1573 363 1657 potestas
384 1592 485 1656 supra
507 1568 731 1657 praecellentes
753 1569 970 1646 ecclesiarum,
996 1576 1067 1635 tam
1099 1570 1269 1635 cathedrae

214 1670 298 1737 lium
336 1693 437 1758 quam
476 1671 756 1750 conventualium,
792 1670 953 1755 praelatos
1016 1672 1121 1752 Quod,
1156 1672 1268 1758 paucis

214 1771 336 1860 elapsis
356 1773 464 1853 annis,
486 1772 643 1838 videlicet
673 1771 825 1856 triginta,
847 1795 914 1838 non
947 1774 1143 1839 credidimus
1174 1794 1267 1860 posse

215 1876 357 1941 evenire
406 1872 530 1940 Multi²
552 1873 660 1938 sancti
682 1874 719 1936 in
743 1874 875 1960 Anglia,
900 1879 935 1940 et
949 1876 1112 1963 praecipue
1135 1883 1437 1941 sanctusumrmnu

216 1974 437 2056 Edmandus,³
467 1972 753 2062 archiepiscopus⁴
780 1980 815 2040 et
850 1976 1021 2054 confessor,
1043 1978 1268 2065 sollempniter
1280 1938 1305 1981 ’Π
1314 1938 1429 1990 mm

215 2079 440 2156 canonizatus,
485 2078 575 2165 apud
615 2076 846 2142 Pontiniacum
883 2078 1054 2144 choruscat
1092 2080 1267 2144 miraculis.

216 2180 359 2246 Sanctus
382 2179 547 2246 Robertus
569 2179 730 2244 heremita
752 2178 842 2265 apud
867 2178 1061 2246 Knareburc
1083 2182 1268 2247 virtutibus

215 2282 320 2348 claret
341 2282 534 2348 manifestis
581 2281 762 2368 Episcopus
784 2302 913 2366 quoque
935 2281 1173 2348 Londoniensis
1203 2285 1268 2349 lto

215 2406 323 2472 geras,
345 2384 463 2451 etalii
485 2384 595 2471 plures
618 2383 655 2447 in
677 2382 809 2467 anglia,
833 2388 867 2447 et
890 2389 1005 2449 sancta
1035 2385 1208 2450 Elisabeth
1232 2386 1268 2449 in
1281 2395 1436 2490 ffithffiffit

215 2487 426 2566 Alemannis,
454 2486 526 2551 filia
558 2485 645 2572 regis
684 2483 876 2568 Hungariae,
908 2485 1029 2565 vidua3
1070 2507 1198 2551 necnon
1235 2492 1270 2551 et
1280 2458 1430 2591 11111έᾶιῖνῶ

215 2596 332 2657 sancta
355 2587 579 2674 Hildegsrdis,
601 2584 813 2672 prophetissa,
837 2586 940 2672 signis
962 2587 1148 2673 insignibus
1177 2589 1270 2653 deco
1291 2559 1307 2590 η
1335 2558 1437 2600 emus.

215 2698 344 2758 rantur.
391 2691 531 2777 Insuper
552 2690 586 2753 in
619 2687 741 2752 eisdem
772 2688 925 2770 partibus
958 2688 1090 2754 ecclesia
1123 2690 1270 2755 militans

216 2800 349 2862 saumas
370 2815 467 2860 novae
490 2789 657 2878 religionis
672 2787 829 2872 quasdam
844 2790 996 2856 mulieres
1010 2793 1171 2878 producit,
1188 2814 1270 2878 quas

252 3075 328 3126 ¹illis
344 3113 351 3126 .
370 3113 377 3126 .
395 3111 402 3126 .
419 3073 551 3138 oestimri]
570 3073 721 3121 (lnanera-
768 3073 835 3116 tores.
865 3067 971 3132 Insuper
982 3066 1133 3118 seductarum
1141 3071 1166 3117 ia
1176 3072 1268 3133 repotia

218 3169 285 3207 me.
319 3153 423 3204 Instead
445 3152 477 3202 oi
495 3159 522 3199 ut
544 3149 667 3212 (inserted
686 3147 721 3208 by
770 3144 859 3195 Crucis
867 3154 1124 3211 potentesexeeutores,
1133 3157 1157 3196 et
1170 3150 1193 3197 is
1203 3166 1268 3212 pra-

218 3248 236 3284 s
261 3240 348 3283 recent
368 3232 451 3293 hand)
479 3230 565 3279 before
587 3226 657 3290 reali,
680 3224 723 3272 the
742 3270 746 3313 ι
766 3221 930 3272 dirutionibus
954 3233 1092 3288 arrestata,
1119 3233 1142 3274 et
1165 3228 1269 3288 peruni-

220 3313 291 3362 word
313 3312 474 3376 quantitatem
494 3323 545 3358 was
562 3313 589 3356 at
608 3307 664 3355 first
683 3319 723 3352 re·
743 3332 746 3341 ·
767 3319 837 3350 arum
856 3300 1012 3366 multiformes
1029 3311 1159 3352 exactores.
1198 3302 1270 3353 Uale

219 3390 318 3455 peutstl,
343 3389 395 3439 aad
420 3388 480 3436 theu
509 3386 602 3435 amet.
647 3382 724 3431 Alter
743 3440 746 3451 Ι
768 3379 1047 3445 inpluribussauctitas
1064 3389 1088 3429 et
1097 3382 1172 3444 saraa
1181 3383 1269 3444 primi·

219 3468 272 3519 this
283 3476 412 3525 sentence,
424 3465 452 3514 in
470 3465 512 3514 the
528 3465 607 3513 lower
623 3461 722 3525 margin
769 3459 818 3507 tiea
837 3459 928 3508 rideret
944 3461 1066 3525 expirare,
1086 3460 1136 3507 nisi
1156 3457 1268 3507 obbatis

219 3546 243 3598 is
253 3547 355 3597 written
367 3544 429 3594 sith
441 3559 457 3593 s
468 3543 597 3607 plummet,
614 3546 629 3570 ‘⁴
639 3540 723 3590 Pluri-
767 3536 904 3586 obedientia
910 3539 1163 3602 ipsoeercusaret,qui
1166 3545 1269 3602 propter

219 3641 319 3676 morum
332 3624 459 3676 Ordinum
470 3621 560 3672 fratres
577 3621 724 3679 floruerunt,
768 3616 924 3666 obedientiam
935 3623 1137 3681 optemperaruat.
1160 3614 1269 3666 Sanetus

218 3704 410 3762 Prtedlcatores,
438 3701 563 3760 Minores,
591 3698 723 3757 Cruciseri,
744 3694 748 3761 Ι
768 3694 932 3755 AErlmuadus,
967 3695 1155 3746 Castuarieneis
1190 3696 1268 3746 areli.

220 3782 383 3841 Camellani,
395 3779 553 3845 Begewiui.‘’
769 3774 808 3823 (Ὺ.
820 3775 859 3823 ed
870 3773 952 3833 Wats,
964 3790 989 3838 p.
1001 3778 1058 3823 805.
1091 3774 1123 3822 In
1136 3774 1177 3825 the
1193 3775 1269 3823 lower

253 3859 375 3926 utras]
394 3860 451 3909 'l'he
462 3858 535 3908 nnsll
547 3857 639 3921 capital
650 3856 724 3906 letter
769 3853 867 3916 margia
888 3853 938 3902 tire
962 3852 1025 3903 lines
1044 3853 1108 3901 hare
1130 3855 1184 3902 also
1206 3856 1268 3903 been

219 3941 269 3992 bus
280 3943 344 3991 been
356 3939 460 3989 omitted
471 3947 498 3986 to
509 3939 540 3986 be
552 3937 622 3986 filled
632 3937 667 3985 in.
769 3933 868 3980 written
880 3932 943 3980 with
954 3946 969 3980 a
980 3931 1108 3995 plnmmet,
1126 3933 1169 3981 but
1181 3933 1269 3996 oulya

252 4015 724 4080 ³Fraem...13dsumrus]wm-
769 4018 823 4073 part
840 4025 887 4059 can
906 4011 1084 4071 nowheread,
1103 4025 1130 4059 us
1149 4010 1266 4061 follows:

218 4107 261 4150 ten
273 4114 307 4148 on
318 4113 335 4148 s
345 4098 416 4161 pieac
428 4096 558 4145 alvellam
567 4095 653 4158 pasted
662 4109 724 4143 over
769 4088 855 4137 nobilis
871 4088 938 4137 sedes
958 4088 1031 4138 Cart.
1050 4090 1075 4136 ia
1095 4105 1144 4152 qua
1156 4088 1268 4137 sedam

219 4177 263 4226 the
282 4175 392 4240 original
412 4183 475 4232 text,
492 4173 549 4222 half
561 4173 656 4229 erased,
673 4172 723 4221 aad
767 4168 849 4215 saneti
858 4165 988 4230 praelecti,
1000 4174 1027 4214 ut
1038 4165 1169 4231 Mplequ,
1181 4167 1268 4217 Assel-

218 4255 303 4320 partly
313 4254 396 4303 added
414 4252 440 4301 in
461 4251 503 4301 the
520 4247 722 4313 margin,rrhicb
768 4243 1268 4309 mus‚Lansraseus,Ricardus,Edmus-

219 4334 294 4384 reads
316 4332 392 4382 thus:
426 4330 500 4395 Papa
524 4328 553 4377 de
577 4329 646 4391 ipsis,
669 4325 723 4375 licet
768 4326 821 4383 dus,
835 4326 882 4373 riri
892 4325 1047 4384 wsetissimi,
1056 4323 1090 4371 ad
1100 4322 1193 4374 lihitum
1204 4330 1269 4392 repis

219 4409 344 4475 aliquibus
355 4411 448 4467 inritis,
460 4407 591 4470 masaeit
603 4402 716 4467 tleafflo
767 4402 825 4452 aliis
832 4402 956 4467 prioribus
970 4400 1127 4450 dissimilibus
1138 4408 1268 4455 contrad&

218 4507 321 4540 seareos
340 4498 365 4539 et
384 4488 474 4553 lepatos
497 4486 683 4548 vasefirrraatas
700 4490 723 4529 et
768 4519 774 4531 .
793 4519 799 4532 .
817 4517 823 4531 .
843 4518 849 4530 .
867 4479 1024 4529 electoribus.
1042 4519 1048 4530 .
1068 4519 1094 4531 .,
1102 4483 1256 4546 promittenda.

218 4570 321 4619 nucius
336 4576 449 4626 secretas,
466 4574 539 4628 aupue
556 4565 721 4611 moriturarum
801 4562 810 4592 ⁴
827 4559 1037 4626 archiepiscopus]
1052 4561 1190 4627 episeopus,
1202 4564 1268 4625 MS„

219 4648 258 4699 rel
273 4656 416 4697 sarisam
436 4647 460 4693 is
472 4643 623 4694 testamentis
635 4658 721 4690 ereeu·
767 4655 795 4691 us
807 4655 864 4689 now
876 4640 928 4689 lest.
