3278 5610
297 802 300 810 .
373 757 437 820 332
465 769 631 820 namnet
654 768 866 819 ramatensis
888 768 1115 818 maanvmrro
1137 768 1401 821 cnaemeoanic

203 943 575 1013 A.D.1254.upplicuerunt
592 960 681 998 naves
701 943 835 1014 quoedam
859 942 1059 1007 barbarorum,
1084 943 1166 998 rabie
1178 949 1341 1023 ¹ventorum
1358 941 1424 1014 agi·

204 1023 278 1074 Some
289 1025 358 1089 ships
370 1035 448 1095 tatae,
467 1046 582 1111 magnae
600 1027 719 1100 quidem
738 1034 768 1083 et
786 1028 944 1099 elegantes,
964 1028 1070 1098 quibus
1088 1046 1146 1083 non
1160 1028 1314 1085 suntvisae
1331 1046 1424 1100 penes

203 1099 319 1207 {meda
370 1133 422 1171 nos
441 1115 617 1179 consimiles,
637 1115 825 1170 armamentis
843 1114 996 1169 navalibus
1023 1121 1054 1170 et
1079 1114 1204 1179 bellicis,
1230 1115 1423 1171 victualibus·

203 1172 328 1274 ffgfficn'
371 1217 426 1268 qne
452 1198 626 1254 omnimodis
653 1199 847 1253 communitae.
885 1198 925 1252 Et
951 1198 1083 1269 appulsa
1109 1210 1179 1253 sunt
1205 1216 1263 1254 non
1289 1197 1378 1269 longe
1405 1216 1424 1253 a

203 1289 328 1340 unknown
369 1282 527 1338 Berenice.
565 1283 689 1338 Etcum
707 1282 971 1353 interrogarentur,
986 1282 1107 1353 quinam
1124 1281 1246 1337 essent?
1264 1282 1424 1337 noluerunt

203 1366 316 1423 munifi·
369 1367 417 1420 rel
434 1367 508 1420 forto
526 1366 693 1421 nescierunt
711 1366 939 1436 intelligibiliter
956 1367 1102 1431 intimare,
1123 1365 1184 1436 qni,
1198 1383 1260 1431 cur,
1274 1365 1425 1430 andanei
1524 1394 1527 1401 ·

370 1453 497 1522 qualiter
522 1453 717 1508 advenissent.
755 1452 819 1508 Nec
844 1453 978 1524 lingnam
1002 1470 1103 1507 eornm
1122 1452 1230 1523 aliquis
1249 1469 1284 1506 ex
1302 1451 1423 1508 ballivis

370 1538 522 1602 intellexit,
550 1538 627 1593 unde
652 1538 803 1609 permissas
829 1544 898 1593 sunt
921 1537 952 1592 in
976 1556 1047 1609 pace
1071 1538 1217 1594 recedere.
1252 1538 1335 1595 Visae
1353 1542 1424 1593 sunt

204 1625 319 1691 attempt
332 1626 361 1674 os
371 1621 458 1676 etiam
471 1623 536 1676 alirn
549 1623 622 1677 tales
635 1640 724 1677 naves
737 1640 827 1693 supra
838 1640 928 1676 mare.
967 1621 1059 1676 Gaeto
1068 1623 1105 1677 de
1113 1622 1228 1686 Biarra,
1240 1627 1424 1694 congregata

203 1692 298 1741 ⁶⁰⁸²⁰¹¹
310 1692 340 1740 ⁰f
370 1707 499 1760 hostium
517 1707 597 1776 regis
616 1706 816 1771 multitudine,
837 1712 947 1762 temere
972 1707 1160 1778 attemptavit
1177 1706 1329 1762 civitatem
1346 1706 1423 1761 Bao·

203 1766 323 1888 occugym
369 1790 425 1844 niae
444 1790 582 1845 seditiose
601 1796 631 1845 et
648 1790 795 1846 hostiliter
814 1790 934 1855 intrare,
955 1808 1078 1862 eamque
1097 1790 1154 1845 sibi
1178 1807 1332 1862 occupare.
1367 1790 1425 1845 Est

203 1892 333 1942 Bavonne,
370 1880 468 1928 autem
498 1874 608 1929 Baonie
639 1871 789 1945 [civitas]¹
820 1874 877 1929 sita
907 1891 997 1945 snpra
1026 1891 1116 1938 mare,
1146 1874 1273 1930 secunde
1302 1873 1334 1928 in
1360 1879 1424 1929 tota

241 1943 248 1956 ’
370 1958 532 2013 Weseonia.
593 1958 652 2013 Sed
682 1958 817 2030 plerique
847 1957 884 2011 de
914 1956 1028 2012 civibus
1059 1958 1201 2028 quosdam
1231 1958 1423 2013 admittentes

370 2042 406 2096 tle
433 2043 566 2097 hostibus
592 2043 684 2113 regis,
714 2042 784 2112 quio
811 2047 841 2096 et
872 2041 931 2112 ipsi
960 2059 1029 2096 eum
1056 2042 1186 2107 oderant,
1218 2042 1424 2113 comprehensi

204 2130 328 2178 Deathof
371 2133 438 2181 stunt
464 2145 517 2198 per
543 2127 623 2197 regis
649 2126 759 2189 fideles,
780 2131 896 2180 etcum
914 2125 980 2180 aliis
1005 2126 1203 2196 proditoribus
1226 2125 1334 2197 puniti.
1371 2125 1424 2181 Jo-

203 2197 480 2265 J⁰h¹¹11³¹¹¹lutnncs
510 2210 656 2272 Hansard‚
689 2227 746 2264 non
777 2209 899 2264 ultimus
929 2209 1006 2264 inter
1041 2212 1169 2281 partium
1206 2209 1424 2280 aquilonarium

203 2265 268 2312 sm
294 2341 299 2353 ,
371 2294 534 2364 optimates,
566 2293 639 2347 obiit
668 2292 699 2346 in
726 2291 918 2363 expeditione,
957 2294 1059 2347 funere
1096 2290 1232 2366 geneali.²
1281 2293 1425 2350 Cessante

203 2343 350 2458 ἓξὲᾙωῖῂθ
371 2384 468 2432 utitem
487 2377 607 2447 frigoris
626 2376 792 2446 asperitate,
814 2394 879 2446 quae
897 2377 958 2431 fero
977 2383 1038 2431 tota
1049 2377 1102 2432 illa
1119 2379 1223 2449 hyeme
1235 2377 1426 2433 inhorruerat

203 2424 343 2525 floeksgand
371 2461 546 2524 continuata,
567 2466 648 2514 tanta
665 2459 765 2513 ovium
778 2465 808 2513 et
820 2460 949 2513 ferarum
961 2461 1053 2531 postis
1071 2461 1248 2531 sequebatur
1259 2461 1423 2525 mortifera,

203 2557 283 2607 geme.
371 2552 404 2600 nt
421 2544 511 2598 ovilia
528 2544 642 2605 ovibus,
663 2542 777 2596 foreste
796 2543 866 2597 feris
885 2549 1087 2599 vacuarentur.
1125 2545 1161 2599 In
1180 2545 1305 2616 copiosis
1324 2551 1425 2600 autem

204 2631 357 2763 tillia
371 2626 840 2780 tltlltliulsftltll
851 2629 1227 2767 latitudini
1251 2647 1337 2783 {tt
1354 2647 1425 2768 23¹3:

203 2764 359 2882 {enssnlsy'the
370 2814 470 2851 versas
490 2804 610 2868 propter
627 2796 753 2860 lucrum,
774 2794 1031 2866 adolescentesque
1053 2800 1138 2851 aetate
1162 2802 1192 2852 et
1210 2796 1333 2853 scientia
1351 2796 1425 2852 satis

204 2848 279 2963 ,3315
290 2901 320 2950 os
371 2881 519 2952 simplices
543 2879 697 2935 cathedras
721 2878 878 2934 ascendere
902 2879 1023 2951 indigne
1048 2879 1244 2951 magistrales,
1263 2885 1298 2935 nt
1314 2880 1425 2937 elevati

204 2966 300 3015 secular
371 2971 511 3029 tumeant,
539 2971 569 3019 ot
593 2964 664 3019 facti
681 2963 909 3018 venerabiliores
938 2964 1000 3018 sino
1019 2964 1207 3019 fundamento
1231 2964 1269 3019 ad
1294 2964 1426 3020 culmina

203 3033 251 3110 ¹²3³
262 3035 312 3083 Μὰ
371 3049 512 3104 scandant
536 3046 669 3112 celsiora,
696 3046 816 3118 scripsit
843 3047 1008 3117 elegantem
1033 3065 1121 3118 super
1138 3047 1194 3103 hoe
1212 3047 1368 3119 epistolam
1386 3048 1425 3103 ad

202 3114 307 3150 wem·
371 3151 470 3188 omnes
495 3133 633 3204 praelatos
663 3131 694 3185 in
718 3131 820 3203 regnis
845 3130 986 3195 Franciae,
1005 3131 1133 3202 Anglioe,
1154 3131 1274 3196 Scoeiae,
1294 3131 1422 3196 Wallioe,

371 3217 533 3288 Hispaniae,
561 3223 591 3271 et
617 3215 781 3286 Hungariae
812 3215 995 3279 constitutos,
1028 3215 1144 3269 salubre
1170 3215 1328 3286 providens
1357 3233 1425 3271 con·

371 3303 469 3356 silium
502 3309 530 3356 et
562 3297 755 3354 conveniens⁴
787 3305 889 3353 contra
924 3297 1092 3369 hujusmodi
1129 3299 1318 3354 indiscretam
1348 3318 1424 3370 prae-

371 3384 574 3455 sumptionem.
612 3383 705 3450 Quam
724 3382 794 3435 alibi
814 3381 932 3436 sedulus
958 3383 1064 3452 poterit
1087 3383 1241 3454 indagator
1268 3384 1423 3459 reperire.⁸

205 3469 305 3531 ltobert,
316 3472 356 3533 bp.
372 3469 528 3537 Cogitante
546 3485 623 3538 papa
641 3465 819 3529 Innocentio,
840 3471 874 3519 ut
891 3466 1069 3536 generaliter
1081 3466 1200 3530 dicitur,
1214 3484 1281 3522 ossa
1292 3467 1424 3539 episcopi

204 3537 582 3606 ⁰fL1'1100l112Liucolniensis
601 3549 723 3603 Roberti
741 3554 823 3602 extra
835 3548 987 3603 ecclesiam
999 3549 1166 3621 projicere,⁶
1184 3558 1268 3606 nocte
1287 3552 1423 3622 sequenti

204 3611 357 3718 appium,
371 3637 507 3707 apparuit
525 3635 551 3689 ei
570 3634 649 3688 idem
663 3633 826 3703 episeopus,
846 3638 881 3688 ut
898 3632 1015 3698 dicitur,
1029 3634 1243 3705 pontificalibus
1255 3634 1422 3700 redimitus,

204 3685 325 3785 ignpim
371 3722 514 3790 uultuque
545 3734 647 3772 severo
672 3724 702 3771 et
728 3716 837 3770 intuitu
862 3723 978 3772 austero
1004 3735 1037 3771 ac
1064 3735 1136 3773 voce
1166 3718 1294 3773 terribili
1322 3719 1422 3790 ipsum

205 3801 294 3851 vision.
370 3823 475 3876 papam
494 3803 607 3865 affatur,
628 3818 761 3871 pungens
780 3799 877 3870 ipsum
894 3800 926 3853 in
943 3800 1036 3855 latero
1055 3801 1175 3871 cuspide
1202 3801 1300 3856 baculi
1326 3810 1424 3873 pasto·

371 3891 435 3945 alis.
474 3889 512 3942 Et
537 3886 620 3949 dixit,
642 3883 834 3940 “Sencbalde
862 3902 946 3955 papa,
967 3886 1185 3956 proposuistine
1213 3903 1280 3941 ossa
1296 3904 1372 3952 mea,
1392 3888 1424 3942 in

407 4137 544 4202 'ciuitae]
581 4135 702 4199 Supplied
729 4133 794 4181 from
828 4133 872 4183 the
953 4135 1137 4200 ⁴cenaeniens]
1156 4138 1245 4195 adnue,
1256 4135 1312 4187 MS.

373 4222 480 4272 Grunter
491 4215 633 4276 Chronicle,
644 4230 668 4277 p.
682 4218 738 4262 882.
952 4215 963 4245 ⁵
980 4215 1043 4263 This
1056 4215 1130 4264 letter
1141 4215 1164 4264 is
1177 4214 1278 4279 printed
1294 4217 1329 4280 by
1340 4214 1424 4277 Wats,

404 4296 533 4364 eyrueolt]
553 4296 587 4346 So
602 4295 656 4344 else
672 4293 698 4342 in
709 4292 752 4342 the
766 4292 872 4342 (trater
920 4310 943 4358 p.
969 4299 1025 4353 190,
1045 4293 1108 4343 from
1128 4294 1171 4344 the
1194 4294 1295 4344 “Liber
1316 4294 1424 4346 Addita·

373 4377 513 4435 (hronicle,
536 4376 585 4423 and
612 4371 700 4422 Florce
723 4369 800 4432 Haut,
827 4371 872 4420 but
920 4381 1060 4422 mentorum
1072 4374 1085 4396 '’
1101 4373 1170 4437 [MS.
1184 4374 1249 4424 Cott.
1266 4374 1336 4423 Nero
1347 4374 1380 4424 D.
1393 4376 1424 4435 L,

373 4457 501 4506 corrected
512 4456 547 4518 by
559 4453 601 4502 the
614 4451 706 4500 editors
717 4456 744 4499 to
754 4448 872 4515 yenerali,
921 4453 963 4501 sol.
978 4451 1049 4516 123}

372 4538 422 4585 and
441 4551 469 4583 so
487 4534 559 4583 reads
578 4531 633 4582 MS.
652 4531 717 4580 Cott.
738 4527 825 4580 Claud.
844 4528 871 4576 E.
955 4531 1112 4596 imminere]
1135 4531 1257 4595 proicere,
1277 4533 1345 4594 MS,
1363 4534 1423 4585 here

373 4619 448 4666 Vlll.
922 4612 971 4660 and
983 4610 1080 4661 further
1091 4625 1130 4658 on.

407 4697 418 4727 ³⁸
434 4694 599 4757 nteclutut'cna]
620 4692 770 4751 mecanicae,
783 4691 838 4741 tls.
