3278 5610
407 850 454 898 nn
474 850 634 902 ramosa
655 851 757 900 neers
779 850 925 900 amaror
947 847 1070 898 ruanr.
1198 832 1263 901 307

221 1023 415 1078 amaritudine
442 1025 598 1080 lacrimans
628 1024 865 1097 praecordialiter,
893 1022 1014 1095 q[uod]¹
1042 1041 1073 1078 se
1099 1023 1164 1092 quis
1191 1039 1262 1075 nun·
1277 1027 1344 1078 Α.Ι).
1359 1031 1432 1077 124⁹.

222 1126 309 1177 quam
343 1110 476 1164 meminit
512 1109 693 1181 previdisse,
725 1110 762 1164 ad
793 1111 922 1180 seipsum
958 1124 1094 1163 reversus
1125 1107 1264 1176 conqueri
1277 1107 1408 1184 hamam

220 1192 320 1262 ooepit,
339 1197 369 1247 et
387 1194 485 1258 verba,
506 1193 638 1264 querulis
656 1193 835 1264 singultibus
853 1192 1109 1264 prorumpentibus
1128 1199 1158 1245 ct
1175 1191 1265 1244 mani·
1276 1182 1328 1223 ‘¹⁰¹¹
1340 1174 1376 1253 ⁰f,

222 1275 275 1330 bus
306 1277 472 1347 complosis,
504 1278 561 1332 ait:
595 1277 652 1333 “0
683 1295 730 1332 me
756 1279 907 1343 miserum,
939 1275 1029 1331 immo
1055 1276 1263 1340 miserrimum,
1277 1241 1401 1292 Μῶα·

222 1370 330 1429 quanta
356 1361 453 1431 patior
479 1379 533 1432 pro
562 1362 679 1432 imperii
705 1362 824 1432 juribus
852 1361 1078 1417 conservandis!
1127 1360 1152 1415 0
1177 1376 1266 1429 quarn

222 1444 325 1499 melior
343 1454 388 1501 eat
406 1464 568 1517 pauperum
584 1447 633 1502 rel
651 1445 844 1501 mediocrium
862 1446 999 1510 conditio,
1029 1463 1118 1516 quam
1142 1445 1267 1514 impera·

220 1533 326 1594 torum,
353 1547 458 1601 regum
482 1530 530 1585 vol
555 1530 737 1601 principum!
774 1530 912 1601 Pugnant
942 1536 1044 1585 contm
1072 1547 1121 1584 me
1151 1529 1267 1584 viscera

220 1629 294 1676 mea,
315 1618 345 1668 et
362 1615 460 1669 anima
476 1631 543 1669 mea
561 1615 635 1669 mihi
653 1613 811 1669 insidiatur
830 1615 968 1669 animato.
1007 1614 1085 1669 Ecce
1104 1613 1212 1668 Petrus
1230 1610 1267 1665 de

222 1696 327 1762 Vince,
356 1699 387 1752 in
412 1699 496 1769 cujus
524 1699 590 1754 sinu
618 1699 767 1769 requievit
794 1699 892 1753 anima
909 1715 993 1763 mea;
1025 1715 1093 1754 ecce
1111 1695 1267 1760 medicus,l

223 1782 307 1852 cujus
325 1783 464 1838 custodire
481 1800 587 1855 corpus
605 1800 704 1838 meum
722 1782 936 1848 commiseram,
955 1783 1024 1837 ritas
1047 1799 1121 1836 meas
1148 1782 1268 1850 laqueos

223 1866 425 1922 tetenderunt!
463 1866 540 1936 Quid
564 1867 658 1922 adhuc
682 1866 845 1938 protelatur
863 1867 961 1922 anima
978 1883 1052 1931 mea,
1073 1864 1143 1935 quia
1160 1864 1196 1919 ab
1214 1864 1269 1917 hoo

224 1951 331 2005 misero
359 1969 417 2005 non
446 1951 557 2007 recedit
583 1951 745 2006 domicilio!
758 1948 776 1976 ’'
821 1951 861 2006 Et
891 1950 1076 2006 desiderabat
1102 1967 1155 2019 pro
1181 1947 1267 2002 vehe-

224 2036 332 2090 mentia
357 2035 465 2090 doloris
493 2034 674 2090 exanimari.³
709 2035 749 2089 Et
775 2041 845 2090 tuno
870 2034 1042 2089 humiliatus
1062 2034 1169 2105 optulit
1186 2049 1269 2103 papas

224 2118 420 2174 humilitatem
437 2136 583 2190 magnam,
612 2127 643 2175 et
663 2120 848 2189 jacturamm
866 2119 1110 2174 restaurationem
1130 2117 1270 2187 plurima-

225 2220 300 2268 rum,
328 2210 358 2258 et
381 2210 472 2258 totam
499 2204 619 2258 Terram
648 2203 794 2259 Sanctam.
834 2202 894 2258 Sed
912 2204 975 2273 ejus
994 2209 1114 2273 peccata
1141 2201 1269 2273 pristine
1282 2200 1422 2250 Hemakaa

77 2282 120 2331 f01·
133 2286 160 2331 81
174 2279 197 2331 ὅ·
225 2294 256 2342 et
284 2293 429 2343 consuetas
459 2289 582 2344 fallacias
618 2289 716 2360 ipsum
749 2287 941 2343 reddiderunt
970 2286 1183 2350 incredibilem,
1215 2304 1269 2340 neo
1283 2275 1410 2383 qvam

225 2373 333 2426 meruit
362 2372 510 2438 exaudiri3
541 2373 619 2427 unde
650 2374 719 2428 hinc
754 2373 822 2427 inde
848 2372 992 2428 induratis
1023 2371 1169 2435 cordibus,
1199 2341 1308 2426 solisto
1345 2348 1439 2397 ‘W'

226 2455 414 2511 intendebant
431 2456 602 2513 ultionibua.
652 2457 714 2511 Rex
740 2457 920 2512 Francorum
946 2458 984 2511 ad
1009 2457 1131 2527 Giprum
1149 2456 1269 2524 naviga·
1282 2455 1359 2505 Inuls
1370 2454 1419 2506 1x.

225 2545 319 2604 turus,
338 2540 505 2596 valedicens
524 2543 586 2596 suis
604 2559 709 2596 navem
727 2540 868 2606 ascendit,
897 2547 928 2596 et
951 2541 1068 2595 remisit
1092 2539 1130 2594 ad
1152 2539 1272 2610 propria
1284 2522 1415 2639 Ὓῗῖίῖ.

225 2625 333 2680 multos
351 2624 387 2679 de
406 2625 503 2680 media
520 2643 618 2691 manu,
638 2643 695 2680 non
713 2643 818 2680 curans
836 2626 869 2680 in
886 2627 1016 2680 exercitu
1040 2641 1093 2680 ano
1117 2641 1271 2678 numerum
1283 2605 1362 2708 {¹0⁸¹
1373 2603 1441 2704 {⁰⁸¹⁸

226 2710 399 2779 ampliorem
406 2732 414 2772 ;
433 2709 511 2763 unde
528 2710 596 2779 ipsi,
621 2710 750 2764 venditis
777 2709 911 2764 omnibus
939 2714 1057 2780 propter
1083 2727 1166 2764 suam
1191 2726 1272 2780 pere·
1344 2671 1378 2722 Π)
1423 2692 1428 2703 ’

227 2794 433 2862 grinatiouem‚
452 2810 596 2863 pauperes
622 2799 652 2848 et
676 2793 791 2848 confusi
810 2800 878 2849 sunt
899 2795 1024 2849 reversi.
1062 2795 1101 2849 Et
1126 2810 1194 2848 eum
1221 2793 1272 2848 ei-

225 2895 312 2947 prum
341 2878 533 2947 pervenisset,
564 2877 682 2941 ibidem,
713 2884 748 2933 ut
773 2879 941 2947 respiraret,
970 2879 1119 2933 hiemavit.
1168 2878 1273 2946 Ibique

226 2962 311 3015 missi
329 2961 448 3015 fuerunt
466 2962 502 3016 ad
520 2978 588 3016 eum
605 2961 705 3017 nuncii
726 2958 892 3031 [Soldsni]⁴
911 2961 1072 3016 Babiloniae
1090 2961 1213 3032 pacifici,
1240 2978 1274 3014 ea
1285 2965 1442 3027 Messengers

228 3063 294 3116 quse
311 3047 392 3115 pacis
405 3051 488 3100 erant
505 3045 631 3115 benigne
649 3046 821 3115 rogitantes,
836 3052 867 3099 et
879 3046 1002 3099 formam
1020 3045 1101 3116 pacis
1120 3045 1273 3098 offerentes
1286 3031 1399 3094 ⁰fl³t⁸ce

228 3129 404 3184 Christianis
422 3130 528 3184 utilem
546 3130 642 3194 valde,
663 3130 864 3184 honorabilem
890 3135 977 3199 atque
1003 3129 1171 3199 gratiosam.
1216 3126 1273 3182 Ob·
1286 3102 1415 3212 {ffiefitgm

228 3215 305 3269 stitit
323 3221 421 3270 autem
439 3216 582 3287 magister
601 3214 673 3279 Odo,
695 3215 785 3269 frater
803 3214 840 3269 de
858 3214 967 3269 Ordine
986 3213 1224 3277 Praedicatomm,
1244 3213 1274 3265 iu
1286 3232 1328 3279 ,he
1341 3229 1434 3278 Solam

226 3299 313 3369 cujus
332 3299 399 3354 sinu
416 3306 511 3355 tetum
539 3301 697 3355 consilium
724 3300 806 3370 regis
831 3298 1043 3363 continebatur,
1064 3298 1186 3352 credens
1204 3298 1273 3351 ube·
1287 3294 1442 3373 ofBatylou.

228 3385 307 3438 riora
324 3386 480 3456 recepisse.
519 3385 604 3440 Misit
627 3385 721 3455 igitur
746 3402 798 3438 rex
825 3385 1004 3438 Francorum
1030 3383 1067 3438 ed
1093 3382 1221 3437 Venetos
1246 3364 1403 3436 etS¹¹l³Phes

229 3470 265 3524 ad
283 3470 395 3525 insulas
420 3471 542 3535 vicirras,
571 3477 673 3541 petens
698 3470 735 3524 ab
762 3470 804 3523 eis
830 3470 994 3524 subsidium
1012 3468 1157 3533 victuale3
1178 3467 1229 3538 qui
1247 3437 1399 3547 etgretfft

229 3556 373 3610 miserunt
390 3557 532 3626 ampliora
550 3573 638 3626 quarn
656 3555 826 3626 postulavit.
874 3553 951 3622 Quia
978 3572 1043 3625 quar
1068 3553 1185 3607 venalia
1211 3514 1425 3623 pos-admetians

229 3640 345 3705 tulerit,
377 3642 508 3710 gratuita
544 3640 737 3695 destinarunt.
791 3638 980 3693 Frethcricus
1011 3644 1117 3701 autem,
1149 3655 1185 3690 nc
1216 3637 1276 3690 illis
1290 3628 1392 3680 andtht

228 3726 343 3794 parcior
372 3725 420 3778 vel
450 3725 588 3778 inferior⁵
618 3723 779 3788 videretur,
811 3723 975 3778 transmisit
1005 3721 1100 3776 cidem
1130 3720 1275 3774 uberiora.
1290 3711 1409 3773 ΨΜ·

229 3807 313 3862 Unde
331 3826 383 3862 rex
401 3809 589 3873 Francorum,
603 3827 640 3863 ne
658 3810 793 3878 ingratus
809 3809 970 3872 videretur,
984 3807 1020 3860 ad
1039 3805 1279 3878 supplicationem
1290 3767 1375 3880 ,Ivffi
1386 3837 1413 3878 ω

230 3891 380 3961 ejusdem⁶
398 3891 601 3962 F[retherici],
623 3893 744 3963 scripsit
763 3909 847 3964 papae
872 3892 1025 3947 humiliter
1051 3896 1080 3946 et
1105 3891 1218 3953 devote,
1246 3894 1280 3944 ut
1291 3899 1333 3947 the
1344 3912 1408 3960 pope
1421 3902 1447 3943 to

230 3978 295 4048 paci
313 3976 491 4031 consentiret
508 3978 694 4048 competenti,
715 3994 752 4031 ne
770 3977 969 4049 peregrinatio
995 3994 1048 4031 sua
1066 3975 1280 4030 assimilaretur
1291 3964 1447 4041 mfftkepfflee

231 4059 382 4114 medicinae
401 4060 541 4125 vulneris,
565 4062 596 4115 in
615 4060 691 4130 quo⁷
707 4061 841 4131 jaculum
859 4061 1001 4116 infectum
1018 4058 1115 4115 latitat
1133 4059 1281 4113 intromis-
1293 4031 1426 4149 Euspeffl‘

231 4163 305 4199 sum.
346 4144 405 4199 Sed
417 4163 493 4217 papa
510 4147 698 4201 tirannizanti
716 4146 811 4202 noluit
828 4147 990 4209 humiliari,
1010 4144 1067 4200 nisi
1094 4144 1218 4200 ccclesia
1244 4143 1281 4198 ad
1363 4134 1369 4146 ’

267 4382 368 4448 lqcod]
387 4388 439 4447 qm,
462 4383 526 4441 Ma,
546 4383 592 4432 but
615 4398 637 4429 m
660 4382 735 4432 after·
812 4384 822 4412 ὁ
841 4382 956 4446 inferior]
976 4380 1094 4443 imferior,
1105 4381 1162 4431 MS.

231 4464 417 4513 vardseraacd

266 4544 276 4575 '²
293 4543 410 4607 medicus]
431 4541 510 4604 heus,
522 4541 578 4592 MS.

265 4624 276 4653 ³
294 4624 442 4688 exanimari]
463 4621 626 4681 exaniamari,
638 4622 693 4670 MS.
814 4617 902 4681 ique]
922 4616 953 4665 In
972 4615 1014 4667 the
1025 4626 1081 4668 text
1097 4632 1153 4682 que,
1165 4617 1209 4667 but
1227 4634 1280 4667 cor·

265 4703 276 4735 ⁴
296 4702 414 4769 soldani]
439 4703 561 4769 Supplied
581 4701 646 4752 hom
666 4698 734 4752 Hirr.
781 4697 865 4746 rected
877 4697 1020 4763 iamargin.

235 4782 317 4848 Aegl,
328 4784 365 4834 iii.
378 4790 418 4833 49.

814 4493 824 4524 ⁶
841 4493 957 4560 eptadus]
977 4492 1084 4557 ejudem,
1096 4492 1154 4544 MS.

1084 4866 1153 4928 ut
