3278 5610
408 763 454 810 uu
477 761 636 810 rannone
659 760 760 809 nuum
783 759 928 809 usurum
952 761 1072 810 nanus.
1196 748 1260 810 335
1354 785 1356 788 -

214 939 269 998 ret,
283 932 470 1002 indignantes
489 948 577 1002 super
595 931 650 985 hoc
668 929 770 1000 Angli,
790 937 1005 1001 proposuerunt
1024 932 1056 985 in
1075 932 1430 992 PictavensesA.D.1254.

214 1021 339 1075 irruere.
378 1018 441 1072 Rex
467 1023 565 1072 autem
591 1033 760 1088 pavescens,
787 1018 963 1088 veniamque
988 1017 1139 1072 humiliter
1165 1025 1263 1089 postu·
1276 1023 1425 1071 accountof

214 1105 287 1169 lans,
319 1103 369 1157 vix
399 1103 526 1156 furorem
557 1117 659 1156 eorum
694 1101 883 1171 compescuit,
917 1101 988 1171 quin
1025 1102 1146 1172 sanguis
1173 1102 1263 1158 latius
1276 1089 1431 1152 thepunish-

214 1187 385 1252 inundaret;
412 1185 489 1240 unde
514 1184 634 1255 quidam
651 1191 822 1255 magnatum
839 1185 973 1242 videntes
992 1186 1072 1258 pacis
1095 1186 1264 1243 firmitatem
1276 1165 1344 1272 3ῗὲ
1356 1157 1387 1206 ⁰f

215 1271 359 1341 elongari,
386 1269 423 1324 de
454 1268 534 1340 regis
560 1275 664 1340 tamen
688 1269 816 1332 licentia,
845 1270 1021 1341 quamcitius
1046 1271 1198 1326 redierunt
1226 1271 1429 1339 stdwelshmen.

214 1355 342 1427 propria.
388 1353 570 1408 Revocatum
588 1360 634 1409 est
657 1359 688 1407 et
705 1359 852 1409 cassatum
866 1354 1013 1424 judicium
1033 1354 1185 1425 injustum,
1206 1373 1264 1425 quo
1277 1370 1331 1419 The
1342 1371 1391 1420 fin,

215 1439 362 1495 Heuricus
381 1438 418 1492 de
443 1436 473 1492 la
497 1436 591 1501 Mare,
620 1436 760 1493 itinerans
784 1438 978 1508 justiciarius,
1010 1440 1081 1494 iecit
1110 1439 1264 1496 amerciari
1276 1435 1430 1497 im9080<10¹¹

214 1524 333 1579 domum
363 1521 463 1580 Sancti
492 1521 602 1575 Albam
627 1521 664 1575 ad
691 1528 809 1578 centum
838 1523 938 1587 libras,
966 1541 1001 1578 eo
1029 1523 1107 1594 quod
1131 1524 1264 1581 homines
1277 1503 1430 1580 §tAltan’s

214 1608 327 1664 abbatis
339 1624 396 1662 non
409 1612 555 1662 venerunt
572 1623 671 1662 coram
689 1624 723 1661 eo
741 1613 823 1662 extra
841 1606 1007 1663 libertatem
1027 1607 1128 1663 Sancti
1144 1608 1262 1673 Albani,
1277 1572 1429 1622 menum

215 1693 292 1748 sicut
319 1708 373 1746 nec
403 1690 577 1745 debuerunt.
624 1689 709 1745 Unde
728 1691 897 1763 impetravit
922 1691 1001 1747 idem
1030 1691 1119 1747 abbas
1148 1691 1262 1746 litteras

214 1777 295 1847 regis
313 1792 402 1847 super
419 1773 484 1837 hoc,
504 1774 609 1845 regina
627 1780 657 1829 et
680 1775 785 1829 comite
809 1775 936 1830 Ricardo
961 1776 1153 1832 existentibus
1177 1776 1263 1846 regui

214 1861 393 1924 custodibus,
413 1876 543 1929 regeque
561 1864 667 1928 agente
686 1858 717 1913 in
740 1858 905 1913 Wasconia.
956 1859 1135 1916 Concessum
1153 1867 1199 1916 est
1216 1878 1263 1916 eo·
1276 1871 1413 1938 Pn‘vileges

213 1945 281 2000 dem
299 1961 373 2000 anno
391 1960 410 1998 a
426 1959 497 2013 rege
517 1939 675 2012 H[enrico]
700 1941 770 2007 111,
792 1942 869 2014 quod
893 1944 1029 1998 monachi
1056 1945 1093 1999 de
1117 1944 1261 1999 Westmo-
1275 1943 1381 2003 granud
1392 1949 1419 1990 1⁰

214 2029 340 2084 nestorio
358 2032 388 2082 et
406 2044 508 2081 eorum
527 2042 711 2081 successores
735 2043 834 2082 coram
852 2027 1074 2099 quibuscunque
1089 2028 1262 2098 justiciariis
1275 2006 1417 2056 ‘hemum

214 2114 295 2184 regis
312 2112 440 2167 habeant
459 2115 604 2166 extractas
631 2110 796 2165 rotulorum
816 2111 852 2165 de
871 2112 1107 2167 amerciamentis
1126 2117 1156 2166 et
1173 2112 1263 2166 omni-
1275 2073 1395 2190 ἕῑῑζᾷῗ

215 2197 307 2252 modis
324 2195 432 2251 finibus
451 2194 603 2249 hominum
623 2212 753 2259 suorum,
780 2201 810 2249 et
828 2194 865 2249 de
884 2196 998 2251 catallis
1020 2196 1214 2267 fugitivorum
1233 2202 1263 2251 ct

214 2286 435 2356 dampnatorum
448 2281 627 2337 eorumdem.
665 2280 738 2335 Indo
756 2285 855 2336 autem
868 2282 925 2337 fuit
941 2283 1024 2353 prius
1037 2288 1118 2339 carta
1130 2284 1262 2338 confecta

213 2375 243 2424 et
254 2369 314 2423 illis
333 2385 480 2431 concessa,
501 2384 575 2421 anno
594 2366 698 2436 gratim
710 2374 875 2421 u⁰.co⁰.n11⁰.
913 2366 977 2435 Quo
995 2367 1085 2422 etiam
1102 2385 1177 2423 anno
1195 2386 1261 2424 oon·

212 2469 328 2507 cessum
345 2457 392 2506 est
409 2451 463 2514 eis,
484 2450 562 2521 quod
581 2455 741 2506 conventus
766 2449 887 2506 habebit
910 2468 1090 2523 quacunque
1118 2470 1167 2507 ecs
1195 2470 1261 2507 cou-

211 2537 339 2607 tingunt,
378 2542 509 2606 tempore
544 2534 714 2589 vacationis.
772 2535 848 2590 Cum
882 2534 1113 2591 Winoholienses
1149 2537 1260 2607 reginae
1274 2549 1428 2611 Qufflelbe.

210 2621 443 2676 transfretaturus
471 2635 576 2673 navem
607 2618 791 2689 paravissent
821 2619 1020 2685 sufficientem,
1054 2619 1260 2675 Jeremuenses
1273 2623 1353 2693 ivm,
1365 2617 1408 2666 the

210 2722 281 2760 vero
300 2701 445 2757 Eduardo
461 2702 554 2756 multo
573 2701 760 2772 pulcriorem,
780 2708 860 2757 mota
877 2710 923 2758 est
940 2703 1017 2758 inter
1035 2721 1084 2760 eos
1103 2705 1258 2770 discordia,
1272 2683 1422 2761 mmmm

211 2790 253 2844 ita
272 2793 315 2850 ut,
344 2803 417 2840 navo
443 2786 589 2856 pulcriore
614 2788 771 2851 confracta,
799 2792 903 2842 nautas
923 2787 1093 2844 invadentes
1119 2789 1260 2860 quosdam
1273 2750 1426 2867 gflffl'and

210 2873 448 2933 vulneraverunt,
481 2869 621 2939 quosdam
646 2871 866 2926 interemerunt.
914 2870 997 2925 Unde
1022 2873 1143 2942 querela
1172 2884 1419 2943 superYarmouth,

211 2955 265 3009 hoc
293 2953 422 3023 reposita
447 2969 506 3007 non
532 2952 655 3016 modica,
681 2953 719 3006 ad
736 2958 825 3008 tantas
850 2955 1092 3024 transgressionis
1118 2956 1260 3011 ultionem

210 3038 386 3094 unanimiter
416 3054 516 3092 omnes
550 3037 746 3092 intenderunt.
803 3037 919 3108 Regina
947 3044 1054 3104 autem,
1091 3040 1259 3111 hujusmodi

210 3123 382 3195 perturbata
399 3121 594 3185 contentione,
611 3139 679 3176 cum
703 3122 740 3176 ad
760 3123 1017 3188 transfretandum,
1038 3125 1148 3195 paratis
1168 3125 1259 3179 omni·

210 3209 276 3272 bus,
309 3214 339 3263 et
367 3206 432 3279 ipsa
458 3212 622 3278 pararetur,
655 3223 722 3262 ecce
753 3206 835 3261 aliud
860 3207 1030 3262 mandatum
1060 3209 1142 3279 regis
1166 3209 1258 3280 priori

210 3292 389 3348 contrarium
423 3290 550 3354 advenit,
582 3308 618 3345 ne
649 3290 753 3362 regina
783 3292 996 3347 transfretaret.
1045 3293 1129 3348 Laesa
1167 3293 1260 3363 igitur

210 3377 365 3448 utrobique
386 3383 416 3431 et
434 3375 609 3446 angustiata,
631 3375 701 3445 quid
720 3380 831 3446 ageret,
852 3376 1007 3447 excogitat.
1044 3376 1093 3431 Ad
1111 3395 1142 3432 se
1161 3384 1259 3432 autem
1273 3385 1329 3434 The
1340 3401 1419 3449 queen

209 3479 358 3524 conversa,
388 3479 405 3514 a
430 3459 579 3531 proposito
599 3459 702 3515 statuit
725 3477 782 3514 non
805 3459 922 3513 differre
948 3459 1000 3525 se,¹
1019 3460 1071 3516 sed
1096 3478 1163 3516 cum
1188 3462 1258 3516 filiis
1271 3454 1386 3503 efflbffils
1402 3463 1427 3504 at

210 3548 271 3602 suis
290 3551 320 3601 et
343 3544 457 3600 familia
475 3544 577 3607 nobili,
605 3544 659 3599 sub
678 3543 787 3599 ducatu
811 3544 949 3599 avrmculi
974 3545 1021 3603 sui
1040 3544 1257 3602 cantuariensis
1271 3520 1356 3636 Ροηῖῖ

209 3630 431 3703 archiepiscopi,
460 3630 525 3683 iiiia
562 3628 701 3684 kalendas
738 3628 822 3683 Junii
848 3627 927 3700 apud
956 3629 1129 3685 Portesmue
1153 3648 1257 3686 navem
1270 3602 1402 3719 mgdfflffl

209 3717 348 3771 ascendit.
400 3713 501 3768 Pridie
538 3719 635 3767 autem
668 3711 855 3783 [kalendas]²
891 3712 973 3767 Junii
1008 3714 1151 3786 applicuit
1180 3715 1258 3787 apud

209 3799 410 3870 Burdegalim.
450 3797 528 3852 Loco
546 3802 644 3852 autem
662 3798 756 3867 ipsius
780 3797 892 3869 regium
912 3798 1089 3855 substitutus
1108 3806 1154 3855 est
1171 3801 1256 3870 regni
1269 3808 1368 3860 Walter
1379 3812 1410 3860 de

209 3892 306 3939 custos
324 3882 473 3938 Walterus
504 3881 541 3935 de
572 3880 661 3949 Gray,
693 3881 929 3953 archiepiscopus
959 3882 1162 3938 Ebot-ocensis.
1192 3877 1417 3941 .1110Gray,ubp.

209 3976 306 4024 antem
325 3986 399 4022 anno
417 3971 522 4021 ventus
541 3966 668 4020 borealis
687 3967 823 4021 continue
841 3968 978 4037 perflans,
997 3986 1103 4023 vernos
1122 3969 1209 4023 flores
1228 3975 1258 4024 at
1269 3944 1402 4061 deprlle'd

172 4053 176 4059 ’
210 4056 322 4108 fructus
340 4069 393 4122 per
410 4057 471 4105 tres
490 4067 605 4103 menses
625 4056 654 4105 et
673 4051 799 4121 amplius
818 4051 981 4106 suffocavit.
1020 4051 1107 4107 Circa
1118 4051 1256 4107 kalendas
1269 4026 1390 4140 fflan

210 4138 294 4203 Julii,
315 4143 445 4208 tempore
474 4134 633 4196 solstitiali,
656 4135 753 4190 subita
780 4136 914 4206 prorupit
940 4137 1090 4192 inundatio
1117 4138 1255 4209 pluvialis
1267 4143 1297 4193 of
1304 4144 1347 4194 the

208 4242 275 4278 oum
288 4222 439 4293 grandine,
454 4219 570 4289 qualem
584 4237 641 4272 non
654 4219 854 4288 praevidimus,
869 4220 977 4274 durans
990 4239 1139 4290 perunum
1153 4223 1255 4278 horam
1269 4210 1407 4329 gigffiffis

1315 4295 1367 4330 rme
1377 4296 1393 4328 c

241 4448 248 4479 ¹
267 4446 369 4512 ‹liffme
390 4445 429 4510 se]
460 4460 486 4494 se
513 4443 622 4503 differre,
644 4442 709 4505 MS,
755 4441 896 4501 Chronicle,
919 4444 965 4492 but
987 4442 1096 4494 inserted
1113 4443 1139 4494 iu
1156 4445 1254 4510 margin

205 4531 252 4581 but
261 4527 365 4577 marked
375 4532 402 4574 to
412 4526 444 4573 be
456 4523 613 4586 transposed.
753 4521 784 4571 of
792 4521 848 4571 MS,
856 4520 924 4572 Cott.
937 4521 1025 4573 Claud
1037 4523 1066 4574 Ε.
1076 4522 1151 4575 VIII.
1171 4525 1202 4575 In
1210 4527 1254 4577 the

240 4608 250 4639 ²
266 4606 395 4671 kalendae]
419 4603 534 4655 Omitted
552 4602 578 4650 in
598 4600 708 4660 MS.,'as
754 4600 877 4652 Chetham
889 4602 944 4653 MS.
963 4603 1052 4653 alater
1068 4602 1134 4655 band
1152 4604 1197 4656 bas
1213 4606 1253 4656 iu-

206 4689 260 4739 also
283 4688 308 4737 iu
334 4685 419 4736 flores
439 4682 507 4732 Hirt.
530 4681 580 4733 and
603 4681 709 4733 Greater
752 4681 834 4733 eetted
847 4682 982 4739 cordate.
995 4688 1008 4731 4
1021 4682 1097 4734 June.
