3278 5610
488 827 534 875 DE
556 825 716 877 TEMPORE
739 827 840 879 ansts
862 827 1015 877 elnaem.
1219 816 1281 878 211

245 1016 306 1070 prm
336 998 475 1070 superbia
506 1017 560 1056 sua
585 1000 793 1072 imperatorem
818 1000 964 1057 nominari
990 1000 1081 1065 lecit,¹
1106 1001 1137 1057 in
1163 999 1284 1054 militari

92 1060 214 1117 ΜΗ·
244 1089 397 1154 magnaei
415 1082 483 1138 forti
508 1084 709 1153 magnitudine
735 1088 853 1155 portum
873 1125 880 1139 .
902 1125 909 1140 .
931 1125 937 1141 .
957 1084 1089 1140 homines
1116 1089 1233 1154 ceperat
1256 1089 1286 1139 et

244 1167 466 1223 ...occiderat
505 1167 590 1222 Unde
608 1185 660 1223 rex
674 1209 820 1223 .......
836 1169 977 1235 (1ἰῑίοιιί;Β
996 1170 1150 1240 ipsumque
1165 1169 1284 1233 Cursac,

244 1252 313 1321 quia
339 1253 437 1323 ipsum
462 1252 621 1323 superbum
648 1252 735 1307 nimis
766 1253 886 1316 invonit,
919 1254 1066 1325 argenteis
1097 1253 1285 1324 compedibus

242 1336 342 1404 magui
371 1335 509 1408 ponderis
531 1336 622 1408 jussit
650 1336 820 1407 mancipari.
867 1338 997 1392 Tandem
1023 1337 1064 1392 ibi
1090 1337 1181 1393 filiam
1204 1337 1286 1406 regis

242 1418 388 1484 Neratiae,
419 1420 640 1492 Berengariam,
672 1419 870 1492 desponsavit.
920 1421 1002 1491 Papa
1032 1420 1200 1477 celestinus
1219 1460 1226 1477 .
1248 1459 1284 1475 ..

242 1502 335 1559 filium
354 1503 528 1561 Fretherioi.
567 1504 671 1560 Comes
690 1504 879 1561 Flandrensis
897 1504 1053 1575 Philippus
1066 1504 1139 1560 obiit
1151 1504 1183 1559 in
1194 1505 1286 1559 Terra
1297 1506 1381 1559 Desth
1393 1509 1422 1559 ol

243 1584 358 1644 Sancta.
396 1587 458 1643 Rex
477 1587 621 1645 Ricardus
639 1606 728 1644 unam
751 1588 908 1644 maximam
931 1605 1045 1652 navem,
1065 1587 1199 1643 omnibus
1218 1587 1284 1644 aliis
1298 1574 1392 1639 Philip,

241 1669 506 1742 incomparabilem,
527 1689 594 1729 cum
612 1672 739 1731 maxima
756 1672 929 1729 victualium
942 1671 1025 1743 copia
1046 1670 1148 1743 cepit‚³
1165 1671 1202 1725 ad
1221 1642 1417 1758 5110-ῧὲἒὲἒὲ

241 1771 360 1811 cursum
378 1754 595 1811 Achonensium
613 1755 798 1813 destinatam.
835 1756 964 1811 Tandem
982 1773 1034 1809 rex
1052 1754 1197 1811 Ricardus
1216 1772 1283 1810 cum
1297 1746 1426 1836 Richard·

241 1838 366 1895 maxima
390 1839 491 1895 mundi
518 1839 613 1910 gloria
638 1840 716 1911 apud
740 1839 843 1896 Achon
867 1838 1025 1910 applicuit;
1057 1846 1097 1903 et,
1129 1837 1405 1911 applicatislsnmt

240 1921 395 1992 utriusque
418 1922 509 1993 regis
525 1922 677 1987 machinis,
703 1939 760 1978 non
778 1928 824 1978 est
841 1940 978 1977 concessa
1004 1922 1122 1993 requies
1148 1922 1280 1977 inclusis.
1296 1918 1373 1968 Acre-

74 2000 137 2051 lbid.
150 2001 174 2053 ii.
187 2011 226 2057 aa.
240 2003 296 2073 Qui
307 2005 431 2070 tandem,
440 2007 513 2062 inito
524 2048 668 2063 .......
679 2007 869 2065 numeraret.⁴
889 2007 938 2063 Sic
947 2008 1041 2078 igitur
1051 2008 1155 2063 civitas
1163 2006 1280 2074 nobilis,

240 2106 325 2161 quaa.
342 2091 529 2160 ...regibus
547 2091 612 2147 iiii⁰.
633 2091 699 2146 idus
713 2091 788 2147 Julii
806 2091 932 2147 feliciter
950 2098 996 2146 est
1012 2093 1185 2163 mancipata.
1223 2091 1281 2148 Ve·
1314 2092 1344 2136 12
1356 2087 1426 2153 July·

239 2173 391 2231 niente..
413 2174 623 2246 mancipatis.
663 2174 827 2246 subjugata
850 2175 943 2246 igitur
966 2180 1026 2230 tam
1044 2176 1135 2232 nobili
1153 2177 1281 2240 civitate,
1295 2165 1425 2232 Thsskisst

239 2275 289 2311 rex
315 2257 504 2322 Francorum,
530 2258 630 2315 dolens
658 2259 734 2330 quod
761 2259 858 2314 omnia
882 2259 948 2329 regi
966 2259 1131 2330 Auglorum
1155 2259 1282 2315 Ricardo
1294 2231 1428 2353 {13:¹⁰⁰

238 2341 468 2408 ascribebantur,
504 2360 535 2398 se
565 2343 603 2398 ad
632 2343 851 2415 repatriandum
880 2343 1065 2414 preparavit,
1097 2343 1375 2416 praetendeushom

237 2426 334 2480 {erarii
358 2426 486 2498 inopiam
513 2432 544 2482 et
570 2426 726 2482 delectum.
776 2427 917 2488 Promisit
941 2427 1035 2498 igitur
1059 2444 1112 2481 rex
1137 2426 1281 2483 Ricardus

235 2515 350 2580 promta
369 2510 548 2567 liberalitate
565 2510 631 2582 regi
649 2511 838 2575 Franoernm,
859 2528 891 2567 se
910 2509 1193 2568 communicaturum
1214 2551 1220 2567 .
1242 2551 1249 2565 .
1272 2551 1278 2566 .

235 2594 424 2659 victualibus,
445 2596 529 2666 equis
549 2636 556 2653 .
578 2636 585 2650 .
607 2637 614 2650 .
634 2589 727 2651 Terra
745 2595 853 2655 Sancta
871 2595 1082 2666 disperderent.
1127 2594 1212 2663 Quod
1229 2612 1281 2651 rex

236 2677 416 2733 mancorum
435 2679 530 2733 facere
549 2678 672 2750 precise
690 2677 840 2735 renuebat.
878 2678 1001 2734 Dimisit
1011 2683 1109 2733 tamen
1121 2678 1163 2735 ibi
1176 2677 1281 2733 ducem

235 2760 427 2832 Burgundios,
447 2781 515 2818 cum
532 2762 614 2818 mille
633 2764 763 2829 armatis,
783 2762 868 2834 quasi
886 2762 916 2818 in
934 2762 1112 2832 adjutorium
1129 2763 1210 2832 regis
1230 2761 1280 2815 Ri-

235 2845 326 2909 cardi,
346 2846 526 2916 proditorem
543 2846 766 2917 nequissimum,
787 2864 874 2918 quem
898 2845 986 2901 etiam
1004 2846 1144 2902 instruxit
1161 2845 1198 2900 de
1215 2863 1281 2917 pro-

236 2927 354 2983 ditione.
392 2929 468 2985 (lum
486 2937 584 2985 autem
601 2930 772 2985 recessisset
788 2948 840 2984 rex
858 2929 1046 2994 Francorum,
1066 2948 1118 2985 rex
1136 2929 1280 2986 Ricardus
1293 2928 1424 2982 Successes

236 3012 371 3068 civitates
396 3014 558 3069 maritimas
584 3013 748 3068 indefessus
775 3012 890 3068 obsedit
916 3018 946 3067 et
970 3014 1055 3083 cepit.
1103 3012 1186 3081 Quod
1213 2996 1446 3069 oum⁰fffi⁰h³¹d·

235 3095 369 3153 videntes
394 3097 527 3153 infideles
551 3102 753 3169 perceperunt,
772 3115 811 3152 ne
829 3097 907 3167 quod
925 3097 1038 3152 civibus
1059 3096 1280 3153 Achonousibus

236 3180 347 3236 fecerat
364 3180 408 3235 eis
427 3199 543 3252 quoque
567 3181 678 3239 faceret
700 3187 874 3246 metuentes,
901 3178 1121 3252 diffidentesque
1144 3180 1180 3236 de
1200 3181 1280 3236 Sala·

235 3263 297 3319 dini
316 3264 516 3330 subventione,
536 3264 677 3336 fugerunt
689 3266 738 3335 qui
757 3265 789 3319 in
807 3263 900 3328 Caisa,
922 3263 1055 3327 Cesarea,
1069 3264 1158 3329 Asur,
1173 3263 1277 3335 Jopou,

68 3346 131 3398 Ibid
143 3347 169 3398 ii
182 3353 221 3400 27.
235 3346 323 3413 Gaza,
343 3354 374 3404 et
390 3349 555 3405 Asehsloua
573 3349 689 3403 fueraut
712 3348 884 3403 habitantes.
922 3347 961 3402 Et
979 3347 1022 3402 sie
1040 3365 1091 3402 rex
1105 3389 1112 3402 .
1128 3389 1135 3401 .
1151 3389 1157 3402 .
1173 3347 1193 3403 J
1194 3365 1277 3418 open,

234 3433 352 3504 repulso
372 3474 378 3489 .
401 3475 408 3490 .
430 3475 437 3489 .
458 3450 519 3497 suo,
533 3432 686 3488 victoriam
701 3432 862 3503 reportavit
879 3431 1046 3502 gloriosam.
1085 3431 1175 3487 Dedit
1187 3431 1279 3501 igitur

233 3518 390 3572 Henrieo.
420 3559 427 3573 .
458 3559 464 3573 .
494 3558 500 3573 .
533 3517 570 3572 de
596 3517 814 3573 Monteferrate.
863 3515 1019 3580 Robertus,
1066 3514 1278 3571 Lincoluiensis
1290 3510 1399 3564 various

232 3603 396 3667 eanonicus,
411 3601 445 3658 fit
455 3602 609 3673 episcopus
621 3601 843 3673 wigorniensis.
875 3600 1119 3671 Rethomagensis
1136 3600 1278 3670 archiepi·
1289 3589 1383 3632 &⁸⁰²⁸-

233 3705 337 3758 scopus
356 3704 488 3743 summus
506 3686 592 3757 regni
608 3685 726 3756 Angliaa
750 3682 907 3756 dispositor
925 3683 1120 3739 constituitur.
1159 3682 1278 3741 Cancel-

233 3770 334 3835 larius,
354 3771 385 3825 in
403 3770 541 3825 muliebri
558 3775 641 3825 veste
659 3768 895 3839 transfiguratus,
916 3768 947 3824 iu
964 3773 1051 3839 portu
1075 3767 1166 3823 maris
1185 3773 1278 3824 trans-

233 3855 392 3909 lretaturus
428 3853 665 3925 deprehenditur,
703 3858 733 3908 et
762 3870 815 3925 pro
838 3853 952 3908 meritis
982 3853 1059 3907 male
1089 3871 1123 3909 ao
1152 3853 1278 3925 turpiter

65 3942 129 3994 Ibid
140 3945 167 3995 ii.
179 3951 220 3995 aa.
232 3944 385 3994 mactatur.
423 3937 504 3995 Obiit
516 3938 652 3994 Clemens
672 3979 678 3992 .
700 3980 707 3993 .
729 3979 736 3994 .
756 3937 906 4008 Baptista.
936 3937 1027 4007 Hugo
1040 3937 1076 3992 de
1088 3937 1229 3993 Nuuant.
1246 3979 1252 3991 .
1269 3979 1275 3992 .

83 4025 126 4077 fol
139 4033 172 4077 33
183 4045 208 4078 c.
233 4022 388 4077 seculares.

267 4143 434 4191 mctxcn‘.
466 4135 548 4191 Obiit
559 4134 750 4206 Reginaldus,
765 4134 983 4190 Cautuarionsis
1003 4135 1113 4189 electus
1133 4135 1195 4189 sive
1212 4151 1278 4205 pos·
1288 4142 1370 4194 Death
1383 4144 1413 4194 of

231 4223 351 4276 tulatus.
396 4220 459 4274 Rex
485 4220 672 4283 Francorum,
701 4237 718 4272 a
741 4220 974 4291 peregrinatione
1000 4219 1125 4282 rediens,
1146 4209 1418 4276 Peisiusssesinald.

233 4306 376 4377 solempni
388 4305 573 4376 processione
592 4308 725 4373 receptus
744 4308 798 4358 est.
831 4303 893 4357 Rex
905 4302 1050 4358 Ricardus
1064 4303 1175 4357 Darum
1188 4304 1273 4374 cepit.
1288 4278 1343 4341 ‘hp‘
1355 4279 1426 4329 elect.

231 4393 271 4446 Et
288 4397 354 4462 post
371 4390 445 4443 hanc
463 4388 625 4451 victoriam,
646 4386 784 4441 recedens
803 4386 861 4441 dur
880 4387 1070 4458 Burgundios,
1091 4388 1139 4441 cui
1157 4343 1396 4461 dederatssffl
1407 4345 1437 4396 of

264 4565 272 4597 ¹
283 4566 365 4632 secia]
384 4564 423 4615 At
439 4563 494 4614 first
504 4562 604 4614 written
614 4563 685 4627 facit
701 4562 729 4613 iu
812 4561 925 4628 ²cepn]
960 4561 1087 4626 Repeated
1115 4564 1276 4630 enonsously

231 4646 288 4699 MS.
779 4640 842 4693 aster
852 4640 1005 4693 ἆεεὶἰπαίωι.

263 4725 389 4795 wem]
409 4725 610 4778 Ouanmmure.
812 4721 987 4788 Ἵππωνα]
1006 4730 1172 4779 numerarent.
1182 4723 1239 4775 MS.

1070 4806 1138 4868 02
