3278 5610
400 782 448 832 aa
469 781 630 832 ransom
653 782 754 832 neers
778 782 926 832 sanarer
948 781 1069 831 raam.
1191 765 1257 838 337

206 954 388 1010 excussione.
435 954 654 1010 Monstrarerat
677 955 798 1025 insuper
822 955 970 1010 autentica
988 972 1050 1019 sua,
1070 959 1130 1009 tam
1142 954 1258 1026 papalia
1270 959 1338 1013 Al).
1352 967 1425 1013 1254·

207 1057 296 1109 quam
315 1038 436 1109 regalia,
457 1047 487 1093 et
505 1039 584 1109 quod
602 1039 713 1094 invitus
731 1039 785 1092 illa
803 1038 933 1093 subierat
956 1039 1135 1108 gravamina.
1173 1039 1258 1094 Unde

207 1124 322 1177 novitas
353 1122 482 1178 excrevit
512 1121 652 1177 inaudita.
692 1122 915 1179 consueverunt
939 1122 1079 1176 hacteuus
1103 1123 1258 1193 populares

208 1206 337 1275 praelatis
350 1205 479 1260 decimas
492 1205 647 1270 exhibere,
667 1223 754 1270 nunc,
768 1204 870 1260 ordine
883 1206 1055 1275 retrogrado
1068 1210 1098 1259 et
1109 1223 1257 1275 perverso,

209 1295 354 1359 eoguntur
384 1289 499 1360 praelati
520 1289 649 1345 decimas
679 1289 847 1361 persolvere
878 1289 961 1344 laicis
986 1295 1017 1344 et
1040 1290 1135 1345 invit'.
1174 1289 1261 1344 Circa
1272 1302 1327 1352 The
1339 1303 1402 1368 king

210 1374 441 1428 Translationem
460 1391 530 1429 vero
548 1373 729 1445 praedictam,
750 1373 865 1429 scilicet
883 1374 975 1429 sancti
997 1373 1159 1438 Benedicti,
1180 1376 1261 1429 venit
1272 1369 1408 1419 0fFr³1100

210 1456 344 1511 dominus
375 1475 426 1512 rex
456 1458 635 1512 Francorum
665 1455 701 1511 de
731 1457 824 1511 Terra
854 1448 969 1521 Sancta,
996 1458 1167 1512 vocantibus
1194 1474 1260 1511 eum
1272 1442 1386 1551 ffissn

210 1540 419 1611 urgentissime
446 1540 633 1611 magnatibus
659 1541 705 1595 sui
731 1540 825 1610 regni,
854 1546 887 1593 ut
913 1539 1086 1610 praedictum
1112 1547 1165 1596 est.
1205 1541 1261 1609 Qui
1273 1567 1367 1618 lemno·
1387 1528 1398 1541 ⁸

211 1641 279 1677 eum
309 1641 449 1695 prospere
474 1624 666 1695 applicuisset
695 1624 726 1677 in
756 1623 890 1694 partibus
920 1622 1075 1688 Marsiliae,
1109 1643 1174 1695 qum
1204 1643 1261 1679 non

211 1709 338 1763 multum
355 1708 493 1762 distenta
510 1706 794 1770 Monte-PessuIano,
816 1707 925 1761 ibidem
937 1707 1088 1778 paulisper
1107 1709 1261 1778 quiescens

211 1792 461 1857 commorabatur;
477 1791 537 1856 sed,
552 1793 614 1847 suis
628 1790 848 1846 stimulantibus
860 1792 1042 1861 proceribus,
1056 1791 1094 1846 ad
1106 1792 1261 1847 Franciam

212 1876 312 1929 renire
339 1876 503 1931 festinabat.
550 1873 626 1943 Quia
654 1875 704 1928 vix
727 1873 831 1928 breves
850 1879 971 1944 treugas
997 1892 1048 1928 rex
1070 1875 1261 1938 Alemannis,

217 1959 382 2014 ll'illelmus
409 1959 576 2030 praedictus,
597 1958 719 2012 Francis
745 1959 889 2012 concessit
916 1975 968 2012 sen
992 1959 1095 2014 tenuit.
1133 1959 1262 2014 Veniens

215 2043 307 2109 igitur
331 2061 381 2097 rex
400 2050 578 2097 memoratus
597 2043 627 2095 in
651 2041 780 2112 propria,
801 2041 870 2095 ilico
888 2042 1026 2097 tractavit
1044 2043 1171 2112 qualiter
1189 2062 1261 2113 pras·

215 2127 317 2179 latam¹
354 2125 577 2190 dissensionem,
616 2124 815 2179 advocationis
853 2142 914 2179 sum
951 2142 1078 2188 cansam,
1116 2127 1262 2180 mediante

209 2207 336 2276 justitia,
374 2208 550 2280 pacificaret.
602 2208 711 2276 Quinto
741 2207 808 2263 idus
845 2208 976 2278 Augusti
1006 2208 1079 2262 obiit
1108 2210 1262 2280 episcopus
1305 2233 1319 2276 9
1332 2229 1400 2294 Aug,

213 2292 348 2361 Elyensis
376 2293 491 2363 Ηιιςο,2
518 2292 694 2363 quandoque
724 2292 813 2346 abbas
846 2291 947 2346 Sancti
972 2292 1128 2356 immundi,
1156 2295 1208 2364 qui
1235 2295 1264 2347 in
1275 2295 1359 2344 Destlr
1371 2298 1401 2344 of

212 2382 335 2444 utraque
354 2376 478 2431 ecclesia
496 2377 614 2431 circiter
632 2375 671 2429 xl.
692 2376 775 2430 annia
794 2375 857 2429 Deo
875 2374 1062 2430 laudabiliter
1074 2377 1261 2432 militaverat.
1277 2361 1363 2424 Husshr
1375 2364 1418 2426 bl’·

213 2458 304 2529 Cujus
323 2477 428 2532 corpus
447 2478 514 2515 cum
533 2478 641 2530 magna
660 2460 809 2531 sepultum
834 2465 879 2514 est
896 2461 1083 2515 veneratione
1103 2462 1133 2515 in
1151 2461 1263 2516 Eliensi
1276 2445 1291 2476 ⁰
1328 2445 1371 2493 ‘y'

212 2543 343 2607 ecelesia,
364 2544 396 2597 in
414 2544 589 2615 presbiterio
607 2543 799 2607 nobilissimo,
821 2543 898 2614 quod
917 2561 934 2598 a
951 2543 1148 2599 fundamentis
1168 2564 1266 2617 sump-

212 2627 291 2680 tibus
321 2628 450 2697 propriis
480 2627 637 2696 magnifiee
663 2632 874 2681 construxerat.
923 2627 959 2680 In
986 2628 1071 2696 cujus
1100 2629 1183 2683 obitu
1211 2630 1264 2684 flos

213 2710 378 2780 Nigrorum
409 2710 483 2764 obiit
508 2709 729 2772 Monachorum,
750 2711 821 2779 quia
850 2710 927 2765 sicut
954 2711 1043 2766 abbas
1070 2712 1208 2767 abbatum
1236 2713 1267 2766 in

215 2793 325 2859 Anglia
356 2795 504 2855 extiterat,
537 2793 579 2846 ita
604 2799 634 2847 et
661 2793 816 2863 episcopus
842 2794 1045 2863 episcoporum
1070 2795 1265 2850 choruscavit.

215 2877 251 2930 In
288 2875 393 2945 vigilia
428 2876 659 2945 Assumptionis,
698 2876 777 2929 circa
811 2875 914 2929 horam
943 2877 1079 2946 primam,
1111 2879 1268 2932 comitante
1300 2896 1330 2939 24
1345 2892 1410 2954 Aug,

216 2959 408 3013 inundatione
444 2958 578 3030 pluviali,
611 2959 741 3012 insonuit
771 2959 847 3012 ictus
878 2959 1001 3012 tonitrui
1041 2978 1108 3014 cum
1135 2962 1263 3030 fulgure,
1280 2956 1316 3005 St.
1329 2957 1424 3006 ΡΘίθῐἸ

218 3043 296 3112 qnod
326 3043 434 3097 cadens
472 3061 560 3113 super
591 3043 698 3095 turrim
735 3041 866 3096 ecclesiae
899 3042 997 3096 Sancti
1026 3043 1109 3097 Petri
1137 3045 1167 3097 in
1196 3045 1269 3098 villa
1279 3022 1374 3071 Μὴ
1386 3031 1416 3110 ³¹,

219 3127 320 3180 Sarroti
357 3127 476 3189 Albani,
509 3134 538 3181 et
575 3143 639 3180 eam
675 3132 831 3196 penetrans
862 3143 930 3179 cum
966 3126 1102 3180 horribili
1139 3128 1266 3199 fragore,
1279 3088 1429 3217 mih&

217 3211 371 3264 materiem
391 3228 532 3280 qnemam
563 3209 647 3280 quasi
673 3208 821 3280 plectam³
848 3209 999 3273 contorsit,
1020 3216 1050 3264 et
1069 3211 1152 3280 quasi
1172 3212 1202 3265 in
1220 3212 1270 3265 fila
1279 3220 1415 3285 lightning.

218 3295 331 3348 minuta
361 3294 533 3364 dissipando
561 3292 709 3347 contrivit.
747 3292 880 3361 Eligitur
905 3293 1049 3361 magister
1074 3294 1201 3349 Thomas
1233 3295 1394 3361 demesso„
1410 3310 1441 3359 0f

219 3378 246 3431 V
248 3378 429 3433 steri-Ponte
448 3379 478 3432 in
509 3378 676 3449 episcopum
705 3375 936 3440 Karleolcnsem,
965 3377 1034 3432 licet
1059 3378 1194 3433 dominns
1220 3398 1270 3433 rex
1282 3379 1324 3428 the
1336 3377 1425 3439 bishop

218 3480 272 3533 pro
296 3463 363 3525 alio,
392 3463 506 3517 seilicet
537 3461 634 3533 priore
656 3460 692 3514 de
716 3460 890 3530 Neuburgo,
920 3462 1131 3532 urgentissime
1160 3444 1430 3534 suppli-ficuum·

218 3553 322 3601 cassat.
361 3546 514 3601 Venerunt
525 3546 555 3600 in
575 3551 677 3600 astate
691 3544 811 3615 quidam
829 3545 942 3599 nobiles
962 3545 998 3599 de
1016 3547 1141 3617 imperio
1155 3547 1270 3603 Graeco·
1283 3558 1385 3609 certain

219 3648 296 3692 rum,
318 3630 444 3685 examito
462 3630 573 3692 restiti,
594 3647 661 3683 cum
680 3630 774 3700 equis,
796 3630 974 3693 summariis,
990 3637 1019 3685 et
1032 3631 1144 3685 familia
1155 3633 1272 3702 copiosa
1283 3626 1365 3675 Greek
1378 3639 1422 3672 ¹¹⁰·

219 3714 256 3767 ad
292 3715 405 3768 curiam
442 3714 614 3767 Romanum.
654 3712 710 3780 Qui
741 3712 892 3766 dominnm
917 3730 1022 3784 papam
1053 3714 1260 3785 aggredienms
1282 3692 1435 3740 bl⁰⁸⁸⁰⁰¹¹⁸0

1263 3759 1269 3781 5

220 3798 319 3850 verbis
352 3798 523 3868 asperrimis
542 3797 745 3867 imposuerunt
763 3797 800 3859 ei,
822 3796 899 3866 quod
921 3798 1079 3853 enormiter
1105 3801 1215 3855 erravit
1242 3760 1400 3873 iugi-effic

221 3880 287 3940 sule,
302 3888 331 3935 et
349 3899 401 3952 per
420 3899 486 3935 enm
505 3898 604 3935 omnes
618 3880 726 3944 Latini,
747 3880 797 3950 qui
817 3879 918 3934 dicunt
938 3880 1101 3951 Spiritum⁴
1115 3883 1404 3954 procederedoetrine.

221 3982 239 4018 a
258 3964 345 4018 Patre
376 3974 405 4018 et
436 3965 521 4017 Filio.
578 3963 633 4032 Qui
653 3969 766 4018 tantum
793 3981 810 4016 a
838 3964 925 4017 Patre
944 3965 1101 4035 procedere
1120 3968 1272 4032 asseritur,

258 4262 428 4329 ¹praesaram]
448 4261 550 4325 prefata,
562 4261 618 4310 MS.
772 4259 835 4308 Edd.
855 4259 883 4307 of
908 4260 950 4308 the
971 4260 1045 4309 latter
1065 4264 1124 4311 read
1146 4266 1272 4313 marimens

256 4340 313 4390 ἒΙη
346 4343 389 4392 the
412 4342 511 4405 margin
535 4355 577 4390 are
601 4341 688 4389 drawn
711 4355 726 4388 a
749 4368 750 4399 ,
771 4355 884 4401 quacum
901 4341 974 4401 quasi
984 4339 1085 4403 plicam,
1097 4341 1182 4390 which
1195 4358 1274 4399 scenis

223 4420 297 4469 mitre
309 4423 358 4471 and
371 4420 470 4479 crosier,
483 4421 606 4469 reversed.
749 4423 752 4475 ξ
773 4424 798 4465 to
810 4419 841 4466 be
854 4433 886 4467 aa
904 4418 1029 4483 arbitrer-y
1041 4420 1173 4470 alteration
1185 4421 1215 4470 of
1231 4423 1274 4474 the

255 4497 724 4563 ³materienrquemamquasipleetcm]
749 4482 752 4552 i
773 4496 860 4546 editor.

224 4579 259 4625 So
279 4579 333 4627 also
354 4578 380 4625 in
398 4579 443 4626 the
461 4578 567 4627 Greater
584 4576 728 4636 Chroniele,
750 4580 752 4593 '
806 4576 816 4606 ⁴
836 4576 968 4641 Spiritum]
983 4577 1085 4637 Filium,
1094 4576 1210 4639 MS.,but
1219 4598 1276 4632 cor.

223 4672 246 4720 p.
261 4663 317 4718 892,
335 4659 386 4706 aad
398 4657 422 4706 in
435 4656 522 4707 From
533 4655 612 4717 Hirr„
629 4658 674 4706 but
685 4657 728 4707 the
749 4630 752 4720 i
773 4656 858 4706 reetetl
869 4656 935 4706 from
950 4654 1036 4706 Flores
1048 4657 1117 4710 Hr'st.

311 4755 385 4802 ΥΟΕ.
410 4755 460 4804 111.
1119 4755 1146 4806 Y
