3278 5610
356 776 585 827 0010110010
608 775 709 829 euers
729 771 877 826 1111111101
899 776 1023 828 suurn.
1140 765 1204 828 253

157 949 286 1007 torum.”
331 950 371 1006 Et
400 951 470 1006 dum
505 950 578 1006 tulis
605 951 782 1017 dicerentur,
814 952 895 1007 venit
932 951 1090 1016 Johannes,
1123 952 1203 1024 regis
1216 957 1285 1008 AD.
1299 960 1371 1006 1226.

156 1034 359 1099 Murescallus,
373 1040 404 1089 et
416 1052 484 1089 curn
502 1052 537 1090 eo
555 1034 605 1089 elii
623 1036 704 1106 regis
722 1036 831 1101 nuncii,
852 1042 981 1107 exparte
994 1036 1057 1105 ejus
1078 1077 1199 1090 .....

35 1121 49 1170 Ι.
62 1121 126 1174 571.
156 1119 289 1175 ecclesiae
307 1117 482 1189 obligarent,
502 1118 579 1173 unde
599 1160 606 1173 .
629 1161 635 1173 .
658 1160 664 1173 .
684 1121 716 1174 iu
736 1120 832 1174 medio
851 1120 1088 1190 Quadrugesimae
1108 1161 1114 1173 .
1137 1161 1144 1173 .
1166 1161 1172 1174 .
1194 1161 1201 1173 .

157 1203 323 1260 sortiretur.
363 1202 422 1258 Sed
440 1202 485 1256 illi
504 1204 613 1274 absque
633 1200 750 1275 [regis]¹
771 1210 802 1259 et
820 1204 944 1259 aliorum
970 1203 1135 1258 absentium
1159 1222 1204 1258 ss·

158 1304 272 1344 sensu.
295 1327 303 1341 .
323 1328 330 1341 .
351 1285 389 1341 ad
406 1286 527 1357 propria
542 1293 718 1342 remearunt.
756 1287 933 1358 Dictumque
952 1289 997 1342 illi
1016 1286 1142 1357 O[ttoni]
1171 1288 1202 1341 in
1216 1285 1298 1363 prly

157 1389 229 1427 sure
256 1371 407 1436 secretius,
433 1369 512 1440 qnod
539 1370 565 1424 si
591 1368 730 1426 iteraret²
746 1373 847 1442 petita,
867 1391 934 1427 cum
951 1390 1008 1427 non
1025 1372 1120 1443 possit
1138 1371 1202 1426 sitis
1217 1358 1331 1466 {velum

158 1455 255 1512 sedari
277 1472 442 1518 avarorum,
463 1454 551 1509 citius
578 1453 825 1526 depauperabitur
853 1456 982 1510 Romana
1008 1457 1091 1510 curia
1116 1425 1351 1534 quambphoegute

157 1539 309 1602 ditabitur,
324 1545 355 1594 et
372 1538 504 1608 asperius
517 1556 688 1609 responsum
708 1541 853 1611 acciperet
863 1541 1043 1609 negativum.
1078 1538 1203 1593 Verum·
1217 1549 1340 1613 muching

145 1629 258 1678 tumen
283 1639 442 1694 aggressus
469 1628 515 1677 est
541 1622 655 1693 aliquos
683 1623 719 1677 de
743 1625 930 1694 praelatorum
955 1622 1204 1693 praestantioribus
1218 1616 1259 1665 the
1271 1617 1356 1680 pope's

160 1724 249 1779 super
260 1706 324 1770 hoc,
339 1705 410 1777 quid
427 1724 481 1777 pro
499 1724 639 1776 responso
656 1706 760 1763 darent
772 1725 885 1762 summo
897 1707 1036 1778 pontifici.
1074 1705 1205 1762 Dictum·
1217 1683 1344 1733 dmm·

159 1809 218 1863 que
246 1791 274 1846 ei
299 1790 426 1845 fideliter
450 1791 482 1844 in
501 1797 621 1853 secreto,
643 1790 720 1860 quod
739 1796 933 1863 expectarent,
953 1791 1044 1846 donec
1062 1791 1207 1846 vidissent

160 1877 233 1947 qnid
257 1877 316 1930 alia
339 1893 432 1946 regna
457 1875 587 1931 fecerent
603 1876 695 1947 prius,
715 1881 750 1931 ut
767 1876 809 1930 sic
828 1876 942 1948 plenius
962 1876 1034 1947 qnid
1059 1876 1206 1946 agendum

160 1961 361 2016 edocerentur.
411 1958 554 2013 Dominus
584 1960 662 2013 enim
699 1977 775 2030 papa
805 1959 843 2014 sd
868 1961 996 2014 similem
1027 1961 1205 2014 exactionem

159 2044 301 2115 legatum,
322 2044 435 2099 scilicet
453 2042 602 2096 dominum
624 2044 796 2108 Romanum,
820 2044 1024 2098 destinaverat.
1062 2043 1207 2114 Magister

159 2128 254 2200 igitur
271 2125 379 2197 0[tt0]‚
400 2146 477 2192 cum,
497 2128 588 2182 misso
605 2128 711 2182 nuncio
730 2128 836 2182 festino
853 2128 885 2182 in
903 2127 1039 2192 Galliam,
1054 2127 1207 2183 didicisset

160 2212 239 2283 quod
264 2212 360 2267 socius
387 2229 458 2266 suus
484 2211 632 2265 Romanus
651 2211 758 2266 durum
784 2212 826 2266 ibi
853 2218 883 2266 et
899 2212 1069 2282 negativum
1087 2229 1205 2284 respon·

159 2314 227 2352 sum
244 2302 431 2367 reportasset,
452 2300 482 2349 et
499 2294 602 2348 durius
621 2294 805 2358 formidabat,
828 2295 919 2360 siluit,
947 2301 977 2351 et
1002 2295 1096 2351 doluit
1119 2315 1204 2368 prop·

160 2388 208 2437 ter
223 2381 280 2435 hoc
299 2381 329 2434 111
346 2380 487 2450 Anglium
506 2379 669 2434 advenisse.
706 2378 746 2434 Et
763 2397 830 2435 ecce
849 2380 943 2434 literae
961 2398 979 2434 e
997 2381 1112 2435 domino
1130 2399 1206 2453 pape
1220 2392 1269 2442 His
1280 2393 1364 2444 recall.

159 2466 340 2520 transmissae
359 2464 455 2517 eidem
473 2460 601 2533 O[ttoni]
621 2469 842 2534 praesentuntur.
881 2463 917 2516 In
945 2463 1051 2534 quibus
1077 2465 1204 2520 contine·
1239 2475 1241 2480 ⁴

35 2555 57 2604 11.
68 2551 98 2605 ii.
160 2549 247 2604 batur
267 2591 273 2602 .
296 2591 302 2602 .
325 2590 331 2602 .
352 2553 498 2601 enervate.
549 2547 662 2615 Quibus
691 2565 759 2601 cum
788 2548 834 2601 ire
864 2546 895 2600 iu
925 2547 1026 2617 ignem
1055 2548 1203 2619 projectis,
1218 2566 1362 2618 mmo}-

35 2627 51 2670 l.
166 2631 336 2704 compositis
350 2649 384 2686 ex
397 2631 520 2685 collecta
537 2632 662 2701 pecunia
679 2631 796 2685 refertis
824 2630 952 2693 clitellis,
973 2630 1042 2686 ilico
1065 2634 1206 2703 repatria·
1219 2634 1263 2683 the
1274 2634 1356 2698 legate

160 2718 213 2773 vit.
253 2716 396 2772 Similiter
413 2715 530 2784 legatus
549 2714 579 2769 iu
598 2714 723 2769 Francia
741 2714 888 2768 Romanus
907 2715 1044 2769 tristiset
1061 2699 1349 2786 11111101·1110,Βο1118111ιῦ

162 2802 328 2871 infectoque
338 2799 348 2831 ³
357 2799 476 2868 negotio
489 2805 534 2852 est
545 2798 690 2868 repulsus.
710 2798 879 2869 Eodemque
887 2803 1018 2868 tempore
1028 2799 1205 2864 Willelmus,
1220 2767 1361 2895 {33:¹3

161 2902 258 2940 comes
272 2883 500 2945 sarisbiriensis,
516 2883 644 2952 glorioso
657 2882 730 2936 fiue⁴
743 2883 834 2936 vitam
846 2883 1023 2937 terminavit.
1063 2883 1207 2940 Ricardus
1220 2911 1263 2961 ,be
1274 2913 1325 2961 w,
1337 2913 1367 2961 of

160 2986 232 3024 vero
250 2968 286 3023 de
303 2967 441 3029 Murisco,
462 2966 669 3035 religiosorum
687 2965 811 3019 mallens
824 2972 854 3020 et
867 2965 998 3020 ecelesia
1017 2984 1077 3020 suae
1095 2967 1205 3039 deprae·
1220 2977 1351 3042 Sulisbury

161 3054 255 3117 (10101,
275 3070 291 3107 0
310 3058 410 3106 contra
427 3051 484 3104 fine
502 3050 663 3104 miserabili
681 3051 759 3121 apud
777 3051 910 3121 Burgum
928 3053 1021 3106 vitam
1038 3069 1206 3122 pomposam
1218 3045 1320 3107 811ᾶῦ1)-
1333 3045 1362 3094 01*

162 3144 194 3194 et
217 3136 353 3192 inutilem
378 3134 598 3189 consummavit.
644 3133 736 3204 Cujus
762 3134 962 3206 epitaphium⁵
987 3135 1056 3189 huic
1079 3136 1204 3207 pegiuoe,
1219 3109 1342 3160 Dmhlm·

162 3220 233 3292 quia
250 3220 434 3284 conveniens,
455 3218 591 3272 duximus
610 3217 814 3272 inserendum:

199 3327 336 3384 culmine
354 3327 405 3397 qui
424 3325 543 3396 cupitis,
571 3324 589 3391 ]
666 3325 781 3380 Laudes
799 3343 979 3397 pompasque
999 3325 1099 3392 sititis,
1142 3328 1159 3395 ]
1219 3337 1371 3403 Ερῑωρὴοῐ

197 3412 252 3467 Est
270 3411 370 3467 sedata
388 3410 461 3473 sitis,
582 3409 587 3538 p
668 3410 701 3465 si
719 3429 766 3464 me
783 3428 905 3482 pensare
922 3411 1031 3465 velitis.
1152 3405 1157 3527 p
1220 3405 1370 3470 theblsshw·

198 3495 254 3564 Qui
272 3496 394 3566 populos
413 3494 527 3564 regitis,
668 3491 814 3545 Memores
833 3508 921 3561 super
939 3491 1037 3545 omnia
1055 3492 1130 3556 sitis,

198 3578 282 3648 Quod
299 3596 377 3632 mors
396 3578 527 3641 immitis,
585 3540 600 3610 l
668 3575 735 3630 Nou
752 3575 847 3646 parcit
864 3575 972 3629 honore
990 3575 1100 3646 potitis.
1154 3534 1169 3603 l

200 3662 292 3717 Vobis
311 3661 486 3734 praepositis,
574 3613 592 3809 j
671 3660 783 3716 Similis
793 3656 804 3688 ⁶
816 3660 937 3722 suerum,
951 3659 1024 3713 bene
1038 3661 1130 3725 scitis,
1143 3607 1161 3808 l

198 3745 281 3814 Quod
300 3764 374 3809 sum,
394 3762 446 3799 vos
465 3742 557 3806 eritis,
669 3739 717 3793 Ad
735 3757 782 3792 me
801 3738 943 3793 currendo
960 3741 1077 3794 venitis,

163 3852 236 3925 Ejus
275 3858 373 3907 sutem
412 3868 518 3921 corpus
555 3847 686 3902 delutum
718 3850 765 3900 est
791 3845 968 3899 Dunelmum
992 3845 1205 3901 tumulandum.
1222 3867 1351 3918 pheeloe,

161 3936 325 4006 Elegerunt
343 3940 441 3990 autem
466 3931 600 3986 monachi
625 3930 689 3984 loco
707 3929 770 4000 ejus
790 3929 1008 3999 subrogandum
1025 3929 1208 3983 Willelmum
1221 3935 1375 4050 pprppsmade

197 4143 301 4209 ¹re9is]
341 4141 461 4206 Supplied
495 4141 560 4188 from
593 4137 661 4186 Hist.
709 4135 783 4184 Puris
805 4142 832 4184 to
853 4135 897 4184 the
916 4142 970 4184 text
990 4135 1021 4182 01
1039 4135 1081 4184 the
1104 4135 1210 4186 Greater

164 4224 235 4289 Acyl
278 4223 334 4274 The
352 4224 434 4271 words
455 4229 477 4269 01
500 4220 602 4268 oliorum
621 4232 663 4266 are
709 4213 842 4266 Chronicle
865 4214 891 4262 in
910 4213 941 4262 B.
961 4213 989 4262 C.
1011 4215 1062 4275 (ed
1081 4214 1161 4271 Wuts,
1184 4231 1207 4278 p.

164 4305 248 4369 partly
262 4304 354 4353 erased
684 4335 686 4359 ,
709 4296 779 4354 331).
814 4293 904 4341 1111110
922 4293 1015 4342 former
1032 4293 1051 4342 it
1068 4293 1088 4342 is
1105 4293 1208 4354 headed,

195 4382 337 4447 ²iteroret]
358 4382 439 4440 iteret,
450 4379 505 4429 MS.
709 4377 724 4400 “
737 4371 897 4436 Epitaphium
920 4371 1022 4421 Ricardi
1040 4374 1071 4422 dc
1090 4373 1208 4432 Marisco,

196 4462 208 4493 ³
225 4461 373 4526 infectoque]
394 4460 552 4522 huseotoque,
563 4455 619 4505 MS.
708 4451 818 4515 episcopi
831 4449 956 4508 Dunelmi,
968 4452 1063 4500 editum
1075 4455 1208 4516 aquodam

196 4541 208 4573 ⁴
218 4541 286 4606 fine]
305 4541 389 4598 finem,
400 4539 457 4589 MS.
708 4531 832 4581 monacho
844 4531 1032 4580 Dunelmcnsi.'’

196 4623 207 4654 ⁵
225 4621 289 4672 This
300 4619 398 4684 epitaph
410 4618 431 4666 is
443 4616 546 4666 omitted
557 4615 584 4663 in
594 4613 661 4663 Her.
741 4611 752 4642 ⁶
768 4610 865 4676 similis]
885 4610 966 4671 simul,
990 4612 1055 4671 MS,
1077 4616 1122 4663 hut
1144 4631 1207 4665 corr.

165 4702 246 4765 Acyl,
268 4703 314 4750 but
336 4699 356 4748 ia
379 4699 458 4748 added
485 4697 518 4759 hy
541 4694 662 4744 1101111011
684 4750 685 4754 ¹
708 4692 773 4740 imm
785 4692 815 4740 B.
828 4691 856 4739 0.
