3278 5610
375 760 416 824 60
499 771 665 825 numum
688 773 900 826 remsmusrs
923 754 1090 829 maroam
1112 775 1312 828 menonem.

116 1078 118 1080 ·
207 1059 276 1112 Ab.
289 1067 360 1113 1249.
409 1045 572 1116 Woltemcs
594 1049 635 1116 de
649 1048 838 1115 Ktrloebam
861 1050 1002 1135 beaipae
1024 1048 1190 1137 recipitur
1212 1074 1235 1117 o
1257 1072 1330 1137 repe
1351 1051 1396 1118 im

628 1151 861 1240 episcopatem
883 1153 1153 1220 Daaelmensem.

206 1313 345 1392 delarue
417 1305 542 1372 Eodem
564 1312 711 1394 tempore
735 1308 887 1373 dominus
917 1330 978 1375 rex
1000 1309 1204 1374 exhilaratus
1237 1307 1278 1373 de
1312 1330 1421 1373 rumo-

205 1381 359 1497 ffffiffid
371 1409 471 1486 ribus,
505 1410 562 1495 qui
593 1412 633 1476 de
664 1411 764 1476 Terra
797 1410 918 1477 Sancta
939 1411 1032 1477 allati
1055 1412 1164 1498 ipsum
1196 1411 1236 1477 de
1271 1411 1421 1498 captione

204 1513 359 1578 bytheking
372 1511 535 1595 Damiatae
572 1513 843 1591 certificaveruut,
876 1515 1035 1580 concessit
1068 1515 1210 1601 gratiam
1249 1535 1351 1594 suam,
1387 1519 1421 1578 et

202 1580 359 1699 0²}ssssss
372 1616 555 1700 acceptavit
577 1615 768 1681 electionem
791 1616 832 1681 de
847 1616 994 1683 Waltero
1017 1618 1058 1682 de
1082 1616 1274 1690 Kirkeham
1300 1616 1420 1682 decano

373 1716 571 1783 Eboraeensi
593 1718 723 1795 factam,
746 1719 874 1805 ipsique
897 1741 1047 1786 serenum
1071 1719 1203 1784 vultum
1227 1719 1421 1784 ostendebat

372 1841 447 1886 cum
468 1819 587 1886 favore.

515 2065 563 2131 De
582 2088 693 2152 posca
717 2065 1008 2134 christipara
1030 2067 1104 2153 repi-
1126 2066 1270 2134 colam}

204 2223 321 2304 Them-
418 2220 576 2309 Tempore
613 2242 742 2308 quoque
780 2223 841 2287 sub
881 2221 996 2288 eodem
1013 2308 1017 2315 ⁶
1033 2222 1150 2288 fratres
1182 2221 1420 2289 Praedicatores

204 2292 359 2408 l'h‘g‘ssgffif
372 2324 605 2411 comperientes
630 2323 904 2390 Christianissimi
935 2324 1060 2389 domini
1091 2325 1176 2410 regis
1199 2325 1418 2404 devotionem,

205 2424 327 2475 christia
371 2425 435 2490 sibi
469 2426 706 2513 adquisierunt,
740 2428 848 2492 nescio
880 2426 972 2513 cujus
1010 2427 1184 2493 industriae
1216 2434 1418 2514 argumento,

203 2491 325 2624 ffliy
371 2531 537 2614 quandam
559 2534 686 2616 petram
708 2529 777 2594 albi
807 2529 987 2605 marmoris,
1011 2531 1047 2594 in
1070 2553 1136 2617 qua
1158 2531 1335 2617 vestigium
1358 2532 1419 2596 hu-

204 2625 359 2741 fflel‘ffssm
372 2631 463 2696 mani
486 2631 587 2720 pedis,
610 2632 772 2709 videlicet,
796 2637 836 2696 ut
859 2654 880 2695 a
909 2632 1024 2697 multis
1047 2632 1190 2697 creditur
1221 2637 1255 2697 et
1288 2632 1418 2711 dicitur,

203 2693 339 2808 pericli-7
373 2734 563 2815 Salvatoris,
587 2734 682 2820 quasi
707 2734 743 2798 in
776 2755 850 2799 cera
881 2734 972 2800 molli
1003 2735 1199 2821 impressum
1230 2736 1417 2823 apparebat.

204 2824 316 2876 minster.
372 2838 480 2917 Quam
505 2843 656 2903 asserunt
679 2837 786 2902 Terrae
810 2835 941 2902 Sanctae
971 2837 1088 2903 incolae
1120 2837 1221 2902 fuisse
1243 2838 1418 2924 vestigium

370 2941 406 3004 in
429 2941 549 3005 eoelum
565 2938 724 3004 Domini⁹
739 2938 954 3018 ascendentis,
969 2945 1010 3002 ut
1032 2940 1177 3024 pertale
1201 2939 1332 3026 siguum
1354 2962 1420 3006 me·

371 3043 509 3107 moriam
524 3041 693 3128 discipulis
701 3041 916 3126 relinqueret,
933 3042 1088 3126 quoniam
1107 3042 1154 3106 ibi
1177 3042 1283 3127 ipsum
1300 3042 1419 3108 ultimo

372 3145 536 3210 viderunt.
583 3144 744 3209 Dominus
779 3149 891 3209 autem
924 3166 983 3208 rex
1017 3143 1101 3208 illud
1137 3144 1278 3210 ecclesiae
1314 3144 1419 3210 West-

371 3247 562 3314 monasterii
584 3247 735 3326 eontulit,
758 3245 844 3310 sicut
866 3267 971 3332 nuper
994 3245 1188 3332 sanguinem
1205 3245 1329 3312 Christi
1346 3268 1420 3312 eon-

372 3353 504 3431 tulerat,
523 3365 557 3416 et
580 3350 665 3415 sicut
688 3370 791 3425 omne,
809 3345 898 3433 quod
919 3351 1058 3433 poterat,
1074 3347 1185 3412 nobile
1200 3348 1403 3416 donativum.

636 3603 684 3667 De
706 3600 896 3666 labellulo
919 3606 949 3666 et
970 3601 1158 3686 piperatalo.

203 3766 354 3843 leodigious
416 3757 631 3843 Temporibus
657 3776 786 3841 quoque
816 3755 878 3820 sub
912 3754 1034 3820 eisdem
1067 3756 1201 3840 quidam
1234 3757 1419 3838 homuncio,

219 3832 290 3883 utha
369 3884 437 3927 non
459 3866 570 3926 autem
593 3880 709 3935 nanus,
733 3857 812 3944 quia
833 3857 982 3922 membra
1003 3857 1129 3922 habens
1151 3858 1216 3923 sibi
1238 3861 1419 3947 proportio·

371 3964 468 4044 nalia,
490 3961 665 4046 aetatisque
687 3960 811 4025 habens
833 3959 964 4025 circiter
986 3960 1077 4025 xviii.
1101 3961 1285 4038 annorum,³
1304 3963 1420 4030 inven-

405 4199 895 4265 ¹1nthe10wermarginisadraw·1
917 4197 1048 4248 amadeus
1076 4197 1191 4264 relinquit
1210 4201 1264 4248 aaa
1291 4200 1419 4267 daciani&

372 4288 416 4351 ing
437 4282 612 4348 representing
630 4281 673 4331 the
693 4278 823 4330 ascension
847 4278 877 4328 of
892 4268 896 4345 l
912 4294 961 4343 pro
972 4275 1105 4327 memoriali
1114 4276 1196 4327 aleirm
1207 4296 1303 4344 passus
1318 4283 1359 4330 eui
1375 4283 1418 4331 in·

371 4364 457 4417 Christ
468 4370 494 4414 to
505 4363 610 4413 heaven.
623 4361 679 4411 'Ibe
687 4374 765 4425 upper
774 4359 872 4422 portion
912 4358 1059 4421 pressionem
1093 4357 1119 4404 in
1153 4374 1269 4408 marmore
1306 4358 1418 4422 candido,

372 4445 402 4492 os
409 4444 451 4493 the
459 4439 810 4506 figurciehiddenbyclouds,
822 4440 872 4488 and
893 4472 895 4477 -
916 4453 988 4500 quam
1011 4436 1121 4485 dominus
1143 4454 1188 4487 rer
1210 4437 1338 4489 Henrieus
1359 4439 1417 4494 ΙΙΙ,

371 4522 415 4573 the
426 4522 495 4585 right
502 4523 553 4571 loct
561 4521 582 4570 ie
590 4521 616 4569 in
629 4521 672 4569 the
680 4520 759 4569 actos
767 4518 872 4583 making
893 4484 895 4595 l
916 4515 1016 4566 contulit
1027 4516 1132 4565 ecclesie
1152 4516 1383 4569 {saumariis

371 4617 403 4652 an
416 4600 561 4663 impr-esaion
568 4615 601 4648 on
610 4600 651 4649 the
658 4601 764 4663 ground.
786 4597 871 4647 Below
892 4615 896 4677 Ι
949 4595 959 4627 2
977 4595 1092 4661 Domini]
1112 4597 1204 4646 Added
1216 4597 1243 4646 in
1254 4613 1335 4662 marg.

372 4683 394 4732 is
406 4679 507 4730 written
519 4678 545 4727 iu
557 4679 601 4728 red
619 4678 711 4737 lettere,
729 4684 745 4707 ‘⁶
757 4677 872 4728 Christus
892 4680 896 4732 ἶ
949 4676 960 4706 ³
977 4677 1108 4741 aramum]
1128 4677 1220 4726 Added
1231 4677 1259 4726 in
1270 4693 1350 4744 marg.
