3278 5610
368 820 417 874 nn
438 820 598 872 rsaaoan
621 820 722 872 sams
745 822 899 885 nnsmcr,
923 825 989 876 urz.
1012 825 1135 876 rnarn.
1235 813 1278 878 33
1389 833 1392 840 ·

469 1094 544 1160 Obit
566 1095 741 1182 episcopua
762 1093 1026 1162 Brittaniam}
1291 1124 1361 1178 ΑΒ,
1374 1132 1446 1181 1248.

271 1232 428 1319 Tempore
465 1252 594 1316 quoque
627 1229 689 1294 sub
722 1229 844 1308 eodem,
878 1229 1008 1296 scilicet
1035 1231 1120 1296 circa
1153 1230 1274 1295 festum
1317 1247 1420 1298 lesan.
1478 1308 1481 1314 ι

227 1335 330 1400 sancti
356 1333 512 1421 Hyllarii,
535 1333 619 1398 obiit
642 1321 820 1420 episcopus
835 1333 1071 1398 Bathoniensis
1092 1326 1433 1461 Robertusiffisssslsspgp

1290 1459 1400 1513 ofBath.

265 1557 435 1642 Mopsum
449 1554 526 1643 suit
544 1553 805 1642 parlamentum
826 1553 1021 1622 londoniis
1043 1555 1088 1621 io
1113 1555 1239 1622 octavia

612 1656 886 1743 Pcrificotionia.

273 1791 342 1858 Sub
364 1794 452 1858 illius
474 1792 554 1858 anni
576 1790 743 1868 curriculo,
767 1791 804 1856 in
827 1790 953 1856 octavis
976 1790 1131 1856 videlicet
1154 1792 1274 1857 Purifi·
1323 1818 1338 1864 9
1350 1814 1411 1866 Feb.

228 1895 373 1975 cationis,
403 1895 509 1961 edicto
546 1895 636 1982 regio
673 1898 852 1959 convocata
874 1892 978 1960 totius
1010 1894 1105 1981 regui
1142 1895 1274 1982 Angliae
1287 1915 1442 1968 Parliament

227 1998 381 2064 nobilitas
413 1997 568 2063 convenit
606 1997 792 2062 Londoniis
838 1996 885 2060 Et
919 2018 993 2062 cum
1027 1997 1181 2062 dominus
1214 2019 1275 2063 rex
1286 1983 1401 2101 ¹1¹2&ss

226 2101 385 2167 auxilium
401 2100 575 2188 pecuniare
596 2100 788 2187 postularet,
812 2099 1025 2186 reprehensus
1048 2107 1098 2166 est
1121 2121 1189 2165 non
1207 2123 1274 2167 me·
1287 2128 1419 2195 Theking

226 2203 380 2270 diocritcr
410 2205 452 2269 ab
482 2204 701 2270 universitate
734 2202 774 2268 de
806 2207 875 2268 tam
897 2203 1061 2287 frequenti
1094 2203 1273 2282 exactione,
1286 2195 1441 2313 maroveo

225 2310 259 2372 et
288 2306 467 2372 indiscreta
497 2306 644 2393 pecuniae
678 2328 746 2372 suae
769 2311 803 2370 et
835 2305 981 2371 thesauri
1013 2306 1103 2392 regii,
1138 2306 1174 2369 in
1209 2328 1274 2392 quo
1287 2330 1415 2380 exactione

224 2431 345 2496 magna
357 2432 432 2496 spes
446 2410 550 2502 totius
565 2410 659 2497 regni
673 2408 883 2495 repositaest,
901 2407 1098 2494 dispersione
1114 2413 1149 2474 et
1164 2431 1272 2474 rerum
1286 2397 1431 2528 ξξὲἣῇἱη

223 2512 467 2598 dilapidatione,
491 2513 561 2577 sine
584 2513 634 2577 sui
657 2511 886 2576 emendatione
923 2511 977 2576 vel
999 2513 1093 2599 regni
1116 2534 1273 2600 augmen-
1399 2502 1405 2514 ’

224 2612 372 2681 tatione³
432 2615 473 2680 Iu
489 2616 562 2680 aliis
585 2613 834 2703 quamplurimis
856 2613 1005 2680 articulis
1026 2615 1174 2702 graviter
1199 2617 1271 2682 red·

224 2724 361 2802 argutus
391 2722 449 2795 est,
479 2718 536 2803 qui
567 2717 698 2782 Retulis
728 2716 934 2783 multorum⁴
962 2724 1100 2804 possunt
1130 2719 1272 2805 reperiri.

225 2821 354 2886 Ultimo
378 2824 489 2884 autem
511 2820 753 2905 calumpniatus
777 2825 835 2894 est,
859 2821 1008 2905 eoquod,
1036 2821 1121 2887 sicut
1147 2821 1273 2909 magni·
1288 2851 1442 2918 cmm,

225 2923 279 2988 fici
294 2944 386 3008 reges
402 2922 650 3009 praedecessores
676 2924 728 2987 sui
754 2922 949 3005 habuerunt,
973 2944 1041 2989 non
1053 2924 1157 2989 habet
1171 2925 1275 2990 domi·
1287 2921 1386 3036 ῑῑέἓῑΐῐῐῦ

226 3048 289 3092 nus
312 3047 370 3089 rex
385 3025 442 3110 qui
465 3046 607 3112 praesens
630 3030 687 3101 est,
705 3025 936 3111 justiciarium,
954 3025 1192 3107 cancellarium,
1215 3002 1432 3113 neciiciffgigss.

225 3127 464 3194 thesaurarium
488 3149 546 3214 per
569 3148 741 3192 commune
757 3126 927 3191 consilium
953 3128 1054 3213 regni,
1071 3134 1170 3213 prout
1185 3131 1274 3194 dece.
1286 3120 1411 3237 {⁶222pr

225 3236 277 3296 ret
300 3235 334 3296 et
358 3230 530 3317 expediret
551 3230 614 3317 ipsi
637 3230 708 3316 regi
722 3236 758 3294 et
786 3250 896 3314 regno.
943 3227 1026 3294 Haec
1039 3236 1151 3295 autem
1166 3254 1276 3298 omma
1286 3253 1337 3302 mu
1348 3255 1410 3302 been

225 3332 376 3419 promisit
399 3332 553 3398 dominus
575 3355 635 3398 rex
658 3354 692 3397 se
715 3331 894 3397 certissimo
916 3332 1177 3414 emendaturum,
1201 3319 1422 3449 cumffigied

224 3457 345 3552 magna
366 3435 529 3501 modestia
550 3441 585 3500 et
607 3434 806 3511 humilitate,
830 3456 887 3520 per
901 3455 1000 3519 quam
1016 3435 1164 3500 omnium
1179 3437 1428 3502 cordaeouncuof

225 3538 402 3624 mitigavit.
449 3537 496 3602 Et
525 3537 695 3624 respondit
728 3537 937 3614 universitas,
974 3536 1074 3602 “Hoc
1107 3519 1415 3637 videbiturffinilnss‘

226 3640 311 3704 infra
333 3640 434 3705 breve
458 3645 595 3726 tempus.
642 3639 901 3726 Expectabimus
923 3639 1031 3705 adhuc
1053 3641 1226 3727 patienter,
1241 3646 1275 3706 et

224 3749 323 3828 prout
346 3765 380 3807 se
402 3748 494 3828 geret
516 3742 669 3807 dominus
691 3765 751 3807 rex
774 3747 809 3807 et
830 3764 865 3809 se
886 3741 1022 3808 habebit
1036 3743 1192 3809 adversus
1207 3766 1275 3822 nos,

225 3851 259 3910 et
282 3866 341 3909 nos
363 3845 393 3910 ei
416 3845 451 3910 in
478 3846 630 3911 omnibus
653 3845 1009 3933 obtemperabimur.’'⁶
1056 3846 1170 3913 Dilata
1195 3853 1421 3951 suntnepmi.

1260 3986 1269 3992 .
1286 3953 1345 3990 lim
1354 3954 1376 3990 1⁸

260 4036 266 4067 ¹
286 4036 316 4085 ln
328 4036 370 4087 the
382 4037 480 4100 margin
493 4031 515 4086 is
526 4039 613 4087 drawn
625 4053 641 4089 a
653 4037 726 4088 small
747 4031 816 4103 {but
835 4041 964 4089 corrected
983 4040 1065 4104 partly
1085 4056 1119 4089 on
1139 4057 1155 4089 a
1177 4041 1226 4106 slip
1247 4009 1430 4092 ofpoetlm‘d*

226 4116 327 4175 crosier,
339 4117 461 4165 reversed.
749 4108 752 4130 ⁸
770 4119 865 4168 vellum
877 4120 965 4184 posted
977 4134 1046 4178 over,
1058 4121 1110 4169 and
1119 4121 1153 4185 by
1163 4121 1273 4187 altering

258 4193 421 4258 meterem]
458 4194 492 4244 So
523 4196 577 4244 also
599 4195 628 4244 in
650 4195 725 4246 B.C.
771 4206 902 4248 mentorum
929 4198 984 4247 into
1011 4197 1142 4248 multorum.
1190 4200 1273 4251 These

226 4277 275 4325 and
287 4275 361 4334 Edu,
371 4275 417 4323 but
428 4289 461 4324 an
472 4289 543 4324 error
560 4275 599 4324 sor
610 4274 727 4340 Royerua
771 4277 937 4342 proceedinga
949 4291 992 4326 are
1002 4284 1049 4326 not
1064 4276 1092 4325 in
1109 4277 1152 4327 the
1170 4279 1274 4330 “Liber

227 4356 275 4405 See
286 4353 440 4419 previously,
452 4354 501 4403 rol.
513 4353 541 4404 ii.
552 4369 576 4417 p.
591 4360 648 4405 495.
684 4354 727 4404 He
772 4355 1135 4416 Additamentorum,’'butin
1146 4357 1271 4423 B.C.(ed.

226 4434 284 4484 dieu
307 4439 340 4482 ao
363 4448 393 4482 or
416 4438 444 4481 21
467 4431 537 4494 Dea,
564 4434 649 4484 1247:
681 4433 729 4484 See
772 4434 854 4495 wau,
866 4451 889 4500 p.
902 4437 973 4498 744).

227 4520 241 4543 ‘⁴
250 4513 321 4563 Fasti
333 4511 403 4562 Eccl.
415 4512 520 4576 Angt,’'
534 4513 551 4562 i,
565 4517 621 4562 131.
805 4513 816 4545 ⁵
834 4512 1059 4582 obtemperabimur]
1079 4516 1114 4568 So
1125 4518 1179 4568 also
1188 4518 1220 4569 B.
1233 4519 1272 4578 u,

259 4591 493 4658 ³acymentaoore]
522 4590 730 4655 aucmentatione,
773 4595 817 4644 but
840 4594 867 4643 in
890 4595 932 4645 the
954 4597 1095 4662 marginis
1115 4598 1216 4649 written
1236 4599 1274 4649 aet

226 4672 283 4723 MS.
772 4690 832 4735 mae,
847 4673 888 4726 te.
908 4673 1126 4742 compacticius,
1144 4679 1227 4729 which
1248 4678 1272 4728 ia

261 4752 374 4802 ‘rotata
403 4750 551 4819 natm]
587 4751 731 4819 Originally
773 4753 906 4808 nlaoinc.

229 4831 329 4883 written
358 4833 383 4881 ir
412 4828 472 4885 libro
502 4829 731 4895 mimam,

318 4900 393 4979 voi.
416 4928 465 4982 na
1120 4933 1141 4984 c
