3278 5610
377 749 443 813 252
464 762 629 815 mersat
652 764 865 815 rurusrnnsm
887 765 1119 815 sassavmrro
1140 765 1402 819 eunemcosuu

209 939 278 992 AD.
293 946 363 994 1225.
377 937 533 1007 ignobiles,
546 938 583 993 de
594 938 784 994 mendicitate
796 939 835 994 ad
846 939 990 993 honorum
1001 938 1123 1010 fastigia
1134 938 1324 995 sullevarit.”
1353 940 1424 1014 Ipse

377 1023 473 1093 igitur
490 1023 644 1079 Faloasius
661 1023 803 1095 Angliam
822 1024 952 1079 salutans
971 1041 990 1078 a
1007 1029 1102 1094 tergo,
1123 1024 1248 1080 Romam
1264 1025 1422 1097 petiturus,

379 1106 459 1162 illico
481 1148 489 1163 .
509 1148 517 1162 .
539 1149 547 1162 .
566 1148 575 1163 .
596 1108 673 1163 siin
691 1108 881 1164 tribulatione
907 1107 1054 1163 solatium.
1092 1108 1264 1180 llodemque
1282 1128 1365 1175 anno,
1385 1111 1424 1166 ad

376 1208 524 1246 mensem.
538 1232 545 1246 .
558 1233 564 1245 .
578 1233 584 1247 .
597 1234 603 1246 .
617 1234 623 1246 .
640 1234 646 1246 .
664 1235 669 1246 .
687 1234 692 1246 .
707 1197 806 1247 .earta
815 1197 986 1247 contentum
998 1191 1095 1247 fuerat
1106 1193 1318 1249 intermissum.
1349 1193 1423 1250 Hase

375 1281 474 1330 autem
491 1274 682 1331 infirmando¹
701 1276 836 1347 peccavit
853 1276 1000 1330 liebertus
1012 1275 1188 1341 Passelewe,
1202 1282 1233 1331 et
1250 1277 1302 1332 alii
1319 1278 1423 1333 desua

376 1360 505 1431 sequela,
525 1361 753 1427 mortalissime3
780 1360 832 1422 sed
850 1360 905 1415 hoo
923 1360 955 1415 in
973 1361 1164 1430 sequentibus
1177 1379 1231 1417 suo
1249 1363 1314 1417 loeo
1327 1362 1423 1418 deela-

374 1444 499 1499 rabitur.
537 1444 625 1501 Oirea
643 1445 761 1500 eosdem
780 1444 843 1499 dies
857 1484 1000 1498 .......
1016 1445 1151 1500 custodia
1162 1445 1326 1516 deputavit.
1364 1446 1527 1502 Perlbidii

208 1529 264 1580 The
275 1531 325 1581 aar}
335 1528 454 1583 elidem
478 1535 594 1600 tempus
621 1571 627 1583 .
650 1571 657 1582 .
684 1571 691 1582 .
717 1528 923 1584 transmarinis
950 1529 1195 1594 commorabatur,
1221 1530 1253 1584 in
1279 1521 1490 1601 Angliam274·

208 1597 341 1663 Sflliflbffl'l
373 1614 524 1669 remeavit.
555 1613 614 1669 Sed
632 1613 723 1668 marie
741 1614 881 1667 immania
898 1630 1056 1683 perpessus
1074 1614 1216 1684 pericula,
1230 1632 1284 1684 per
1302 1632 1422 1669 eorsum

207 1678 350 1796 {rffivhip'
374 1715 461 1767 quem
487 1698 520 1752 in
544 1699 620 1752 mari
638 1697 723 1762 vidit,
749 1697 801 1767 qui
825 1696 961 1751 tenebras
988 1697 1177 1762 illuminavit,
1196 1698 1339 1753 liberatus
1367 1706 1422 1755 cst.

206 1798 298 1848 mk,
373 1780 654 1854 Deprehensumque
673 1792 719 1836 est
736 1781 822 1835 illum
841 1798 905 1835 esse
923 1781 1068 1835 veraciter
1086 1798 1214 1846 cereum,
1235 1800 1323 1853 quem
1342 1782 1423 1837 idem

373 1866 485 1922 invenit
502 1872 569 1921 ante
587 1866 679 1920 altere
697 1866 791 1919 beatas
802 1863 905 1919 Mariae
920 1864 1035 1934 jugiter
1053 1882 1150 1920 comes
1169 1865 1329 1921 ardentem.
1363 1867 1422 1922 Sed

372 1950 427 2005 hoo
446 1948 536 2005 alibi²
552 1949 695 2022 prolixius
715 1948 864 2002 memoria·
882 1952 1040 2018 perpetuae,
1061 1950 1167 2004 comite
1186 1949 1323 2015 dictante,
1344 1968 1423 2006 eom·
1434 1991 1532 2043 mm

372 2033 549 2091 mendatur.³
590 2032 737 2104 Magister
762 2031 858 2087 Otto.
881 2073 887 2085 .
910 2030 990 2102 .'pro
1014 2032 1148 2088 ecelesiae
1173 2033 1312 2088 Romanas
1330 2052 1420 2106 nego·
1435 2061 1491 2109 275.

373 2118 424 2174 tiis
438 2159 612 2174 .......
626 2116 847 2187 responderent.
879 2116 991 2170 Eodem
1011 2122 1142 2187 tempore
1161 2117 1257 2173 dietus
1276 2119 1421 2189 magister
1450 2125 1557 2177 settle

373 2201 470 2274 O[tto]
490 2220 526 2256 ex
550 2208 634 2274 parto
654 2240 835 2255 .......
856 2201 989 2255 caritate.
1026 2200 1075 2253 Ad
1101 2201 1180 2271 quod
1206 2221 1260 2255 rex
1287 2221 1356 2258 eum
1374 2221 1421 2258 ro-

373 2286 547 2358 spondisset,
566 2292 652 2341 torvo
678 2284 840 2355 respiciens
865 2283 960 2346 oculo,
980 2283 1127 2353 negative,
1147 2292 1178 2339 et
1201 2285 1256 2340 hoe
1283 2288 1418 2357 praecise,

371 2371 465 2425 tacuit
475 2367 584 2440 0[tto],
598 2375 629 2425 et
646 2368 684 2423 ad
701 2367 794 2423 alias⁴
813 2386 845 2422 se
863 2368 1016 2422 transtulit
1034 2369 1301 2423 sermocinationes.
1333 2370 1421 2442 Cepit

372 2453 451 2508 idem
476 2450 593 2523 0[tt0]⁵
617 2453 654 2508 ab
681 2495 688 2506 .
719 2493 726 2506 .
757 2493 763 2506 .
793 2468 917 2516 mareas,
937 2453 1054 2506 nomine
1077 2452 1303 2521 procurationis.
1342 2454 1418 2510 Cum
1431 2452 1534 2504 ibidii·

371 2537 565 2592 communiter
583 2536 710 2591 relatum
721 2535 837 2598 fnisset,
851 2533 931 2605 qnod
943 2552 1040 2589 eomes
1054 2533 1281 2591 saresbiriensis
1298 2537 1330 2591 in
1342 2538 1418 2593 mari
1431 2523 1489 2571 ²7⁶·

371 2621 596 2690 dimergeretur‚
617 2620 716 2691 exegit
733 2618 888 2674 Hubertus
906 2636 925 2672 a
941 2636 1022 2689 rege,
1042 2625 1077 2673 ut
1094 2637 1213 2674 uxorem
1233 2661 1240 2674 .
1260 2663 1267 2675 .
1290 2663 1296 2675 .
1316 2623 1417 2692 nepoti
1429 2627 1495 2678 Ibid
1506 2628 1531 2679 ii.

372 2722 434 2768 suo,
452 2705 517 2759 viro
536 2703 661 2776 superbo
679 2703 820 2758 videlieet
845 2707 877 2757 et
903 2701 1056 2773 proditori.
1095 2703 1154 2758 Sed
1180 2722 1248 2759 cum
1265 2706 1418 2762 eomitissa
1430 2698 1487 2745 ²⁷⁷·

370 2788 451 2843 nullo
469 2788 556 2843 modo
574 2788 612 2843 ad
630 2804 803 2843 eonsensum
827 2787 974 2858 potuisset
991 2786 1137 2851 inclinari,
1158 2788 1302 2859 applicuit
1317 2807 1418 2846 comos

369 2891 458 2928 sanus
476 2879 508 2928 et
525 2871 690 2927 incolumis.
728 2871 820 2926 Facta
837 2877 884 2925 est
896 2871 990 2941 igitur
1002 2888 1038 2924 ex
1050 2878 1120 2925 tune
1132 2874 1323 2944 praesumptio
1338 2915 1345 2928 .
1360 2915 1368 2928 .
1383 2914 1415 2929 ..

370 2957 498 3020 feeisset,
518 2956 607 3027 eoepit
625 2955 753 3011 Huberti
770 2956 850 3010 fama
867 2953 979 3010 diutius
1006 2954 1166 3027 denigrari,
1185 2962 1273 3026 prout
1290 2974 1416 3029 sequens

370 3059 466 3097 sermo
484 3039 653 3096 deelarabit.

404 3172 599 3219 u⁰.cc⁰.m1⁰.
638 3163 701 3218 Rex
727 3161 876 3217 Henrieus
895 3161 955 3216 III.
976 3161 1035 3216 fuit
1051 3160 1088 3215 ad
1112 3160 1218 3216 Natale
1237 3161 1315 3234 apud
1333 3163 1415 3218 Win-

368 3250 487 3314 toniam,
507 3266 581 3304 anno
600 3247 685 3318 regni
704 3247 750 3301 sui
768 3245 932 3309 undecimo,
946 3245 1140 3316 praescntibus
1155 3285 1162 3298 .
1177 3287 1183 3299 .
1200 3286 1206 3300 .
1223 3287 1229 3300 .
1245 3246 1307 3301 dies
1325 3247 1415 3303 deeu-
1427 3250 1461 3300 Η.
1474 3249 1508 3302 Δ.
1520 3250 1545 3302 ii

368 3333 433 3387 buit
450 3333 631 3404 desperatus.
663 3330 778 3385 Venit.
800 3371 806 3383 .
829 3371 836 3383 .
857 3330 935 3384 clero
955 3335 985 3383 ct
1002 3328 1189 3397 magnatibus
1210 3370 1216 3382 .
1239 3371 1245 3383 .
1269 3372 1275 3383 .
1295 3348 1414 3401 respon·
1427 3322 1485 3371 ²⁷⁸·

368 3419 459 3473 deret.
497 3417 617 3488 Apertis
636 3415 729 3486 igitur
755 3414 859 3479 literis,
887 3413 1031 3483 magister
1049 3410 1144 3482 opto]
1165 3420 1299 3468 contenta
1316 3415 1414 3485 palam

368 3501 514 3556 recitavit.
564 3500 600 3553 In
630 3499 736 3570 quibus
764 3498 908 3569 allegavit
928 3539 934 3551 .
957 3539 963 3550 .
987 3537 994 3550 .
1014 3496 1271 3560 vetustissimum,⁶
1301 3499 1415 3554 seilicet

368 3586 508 3650 avaritiae,
536 3590 566 3639 ot
592 3601 646 3639 nec
676 3589 772 3654 potest
796 3581 904 3653 aliquis
921 3582 1073 3652 negotium
1100 3622 1106 3635 .
1136 3623 1142 3635 .
1172 3622 1179 3635 .
1207 3590 1236 3636 et
1259 3600 1414 3636 munorum

368 3669 570 3726 exhibitione.
592 3708 599 3722 .
621 3709 628 3721 .
648 3665 864 3737 debentpatris
889 3666 1016 3736 inopiam
1046 3706 1053 3720 .
1081 3707 1088 3719 .
1120 3706 1126 3718 .
1156 3705 1164 3718 .
1192 3706 1198 3718 .
1232 3707 1238 3718 .
1270 3707 1276 3719 .
1309 3666 1413 3721 abbate
1501 3668 1506 3679 '

366 3752 546 3810 tantundem.
591 3751 665 3805 Haeo
691 3750 789 3803 omnia
815 3749 966 3804 audientes
990 3749 1115 3820 praelati,
1136 3766 1307 3819 responsum
1326 3768 1412 3805 suum

366 3843 526 3911 posuerunt
543 3836 574 3889 in
592 3852 642 3889 ore
662 3875 669 3889 .
691 3876 697 3888 .
720 3874 727 3888 .
747 3833 952 3896 archidiaconi,
968 3834 1019 3903 qui
1038 3834 1080 3887 sie
1098 3834 1148 3896 ait,
1171 3833 1323 3887 “Domine
1343 3876 1349 3888 .
1372 3877 1378 3889 ,
1402 3831 1490 3917 ,Ibid
1502 3832 1527 3884 ii

366 3941 467 3995 regem
486 3919 653 3992 specialiter
679 3922 812 3989 tangunt,
841 3919 891 3989 qui
917 3936 980 3988 pree
1005 3917 1173 3971 infirmitate
1200 3936 1257 3971 non
1276 3926 1321 3973 est
1337 3903 1482 3989 pren-M·

367 4027 443 4064 sons.
479 4006 616 4076 Tanguut
634 4003 722 4058 etiam
741 4001 920 4072 generaliter
939 4019 1038 4056 omnes
1058 4043 1065 4055 .
1088 4043 1094 4055 .
1116 4042 1123 4055 .
1143 4002 1289 4072 praelatos.
1335 4003 1411 4058 (ium

365 4093 459 4162 igitur
482 4108 534 4145 rex
561 4095 592 4143 ot
616 4087 703 4141 multi
729 4086 858 4157 episcopi
884 4091 914 4140 ot
938 4086 1053 4156 praelati
1081 4085 1140 4139 sint
1159 4085 1304 4150 absentes,
1325 4088 1409 4142 vobis

365 4193 441 4230 nune
459 4168 634 4245 respondere
655 4213 662 4225 .
684 4212 690 4224 .
714 4211 720 4223 .
742 4169 811 4240 quia
837 4170 892 4224 hoc
919 4169 950 4223 in
977 4169 1181 4241 prejudicium
1200 4170 1283 4224 ficret
1308 4172 1409 4241 praela·

399 4383 406 4413 ¹
425 4378 581 4445 infirmando]
601 4376 769 4434 imfirmando,
781 4374 838 4425 MS.
885 4440 888 4449 Ι
941 4375 951 4405 ⁴
969 4374 1047 4440 alius]
1067 4375 1139 4435 alios,
1153 4376 1209 4425 MS.

398 4461 409 4493 ²
426 4462 473 4511 See
490 4459 533 4509 tbe
550 4459 655 4509 Greater
666 4454 809 4512 Chroniele,
825 4455 862 4504 ed.
885 4462 888 4489 ⁸
941 4453 951 4483 ⁶
971 4454 1043 4520 Orto]
1061 4455 1138 4505 Aller
1149 4455 1199 4505 this
1212 4458 1288 4511 word.
1304 4458 1407 4522 cepitis

366 4541 446 4597 li'ats,
465 4554 490 4602 p.
508 4542 565 4597 325,
585 4537 634 4585 and
654 4533 723 4585 Hist.
735 4531 818 4597 tingi,
837 4532 863 4582 ii.
885 4512 888 4601 i
908 4536 1024 4597 repeated
1035 4536 1069 4598 by
1080 4550 1157 4584 error.

367 4622 424 4675 27⁴,
436 4623 460 4667 5.
942 4613 952 4644 ⁶
965 4613 1158 4679 retentionem]
1171 4616 1342 4679 vetussimum,
1350 4617 1405 4667 MS.

399 4697 410 4729 ³
426 4694 614 4759 coemendum]
628 4690 862 4752 comendamus.
885 4728 887 4744 .
