3278 5610
370 750 437 819 2⁷2
458 761 621 812 usurum
645 763 856 813 eanismasu
877 760 1113 812 msasvnno
1134 758 1392 810 cuaomcoauu

200 940 271 993 An.
284 946 357 993 1235.
370 937 452 1010 prior
476 939 512 995 de
543 940 688 995 Hertlort.
733 939 897 1011 Imperator
915 939 1121 1004 Romanorum,
1139 935 1340 999 Fretherious,
1365 932 1414 989 da·

203 1023 339 1087 Espousds
370 1024 519 1094 sponsavit
534 1023 714 1088 Ysabellam,
735 1041 862 1079 sororem
887 1023 967 1096 regis
985 1023 1159 1093 Anglorum,
1179 1038 1247 1076 cum
1271 1037 1330 1090 qua
1347 1017 1416 1073 data

204 1089 234 1138 ⁰f
248 1090 290 1140 ‘¹¹0
369 1107 488 1164 fuerunt
512 1126 577 1166 xxx.
603 1109 686 1164 milia
710 1126 884 1173 marearum,
904 1109 1014 1180 absque
1040 1106 1217 1162 ornamentis
1240 1102 1414 1161 necessariis

202 1171 320 1273 ἓξὲξ
368 1193 457 1247 tantis
481 1193 689 1264 nuptiisque
713 1192 750 1247 ad
779 1194 838 1248 tria
866 1192 951 1249 milia
979 1191 1180 1247 ascenderunt.
1217 1189 1289 1259 Quis
1317 1187 1417 1245 omnia
1506 1207 1511 1213 ·

202 1289 421 1350 tolosensem
438 1275 578 1346 Angliam
603 1277 719 1331 fuerant
746 1281 858 1332 extorta
884 1282 915 1331 et
941 1275 1070 1330 collecta.
1107 1273 1166 1330 Per
1195 1273 1275 1328 idem
1299 1277 1414 1341 tempus

204 1355 339 1432 tlekinss's
368 1361 553 1432 expertibus
577 1359 776 1415 ultramarinis
800 1365 943 1416 venerunt
972 1359 1136 1414 Londonias
1161 1357 1283 1429 quidam
1309 1353 1417 1426 ignoti,

202 1431 306 1538 {wal
334 1490 348 1539 f
369 1444 420 1516 qui
438 1462 470 1499 se
488 1462 553 1500 esse
571 1444 681 1499 domini
700 1462 782 1515 papa
806 1449 984 1501 mercatores
1001 1443 1049 1499 vel
1076 1442 1285 1498 scambiatores
1303 1455 1414 1495 assero·

203 1503 333 1620 ςοῖἰέῃο
369 1529 448 1592 bant,
480 1545 548 1582 eum
581 1532 679 1583 tamen
716 1527 865 1583 manifesti
901 1528 1059 1582 existerent
1096 1525 1234 1581 merarii.
1285 1521 1416 1592 Quorum

203 1636 308 1671 usuram.
369 1628 468 1666 usura
497 1610 631 1666 duriores
667 1616 751 1666 erant
787 1611 962 1667 conditionis
1002 1628 1090 1681 quam
1120 1609 1302 1664 Judaeorum.
1359 1606 1416 1663 Isti

370 1692 467 1750 autem
488 1696 614 1749 maxime
640 1695 795 1765 religiosos
821 1696 883 1750 suis
909 1695 1016 1750 debitis
1042 1694 1218 1750 studuerunt
1242 1693 1414 1762 illaqueare,

371 1780 441 1849 quia
458 1779 525 1834 illos
543 1779 638 1835 literis
657 1779 820 1850 papalibus,
840 1798 893 1850 pro
919 1779 1069 1834 voluntate
1087 1777 1262 1849 impetratis,
1281 1781 1418 1847 poterant

370 1863 528 1934 exagitare.
573 1863 736 1935 Episcopus
765 1880 836 1918 vero
866 1862 1076 1917 [londoniensis
1105 1903 1113 1916 .
1144 1903 1150 1916 .
1179 1903 1187 1916 .
1218 1861 1357 1916 literatus
1386 1860 1532 1914 efflata

370 1953 497 2012 sanetus,
511 1966 579 2003 cum
590 1948 784 2003 intellexisset
794 1947 847 2002 hos
860 1946 953 2002 dictos
966 1947 1123 2002 Caursinos
1143 1988 1150 2000 .
1166 1987 1172 1999 .
1189 1987 1196 2000 .
1216 1934 1482 2015 frequentarem·

370 2038 400 2087 et
424 2033 553 2087 insontes
577 2033 657 2086 eires
683 2031 909 2094 Londonieuses,
931 2030 999 2085 talis
1024 2031 1117 2101 pestis
1142 2029 1258 2100 penitus
1285 2029 1414 2098 ignaros,

370 2115 537 2178 intoxicare,
558 2120 588 2169 et
605 2116 723 2175 multos.
744 2114 795 2169 sed
812 2115 938 2169 maxime
956 2115 1091 2185 praelatos
1110 2119 1140 2168 et
1163 2112 1330 2182 religiosos,
1351 2111 1417 2165 iati-

369 2217 450 2268 gare,
470 2201 562 2254 iratus
581 2204 611 2254 et
630 2242 637 2254 .
659 2242 665 2253 .
688 2241 695 2254 .
715 2199 782 2254 illos
800 2206 939 2269 tanquam
967 2196 1169 2260 scismaticos,¹
1197 2197 1305 2250 famam
1332 2212 1417 2266 papae

369 2301 427 2337 non
443 2282 630 2338 mediocriter
648 2283 844 2353 denigrantes,
859 2283 895 2337 ab
915 2282 985 2336 urbe
1004 2281 1135 2336 decrevit
1151 2280 1417 2335 excommunicatos

369 2366 486 2437 longius
505 2384 649 2431 amovere,
670 2373 704 2421 ut
724 2366 767 2421 sio
785 2366 888 2421 saltem
907 2367 1109 2436 poenitentiam
1135 2370 1257 2435 agerent
1282 2363 1320 2417 de
1338 2380 1416 2419 eom·
1444 2359 1553 2410 fel-⁶⁵⁶·

368 2451 477 2505 missis.
514 2450 556 2506 Aa
573 2450 631 2521 ipsi
649 2450 787 2506 Gaursini
806 2456 961 2513 tumentes,
985 2458 1015 2506 et
1040 2451 1077 2505 de
1096 2450 1157 2505 suis
1187 2449 1331 2520 pecuniis,
1352 2446 1417 2518 qni·

369 2535 424 2589 bus
442 2533 648 2597 abundabant?
660 2533 835 2590 confidentes
856 2576 862 2588 .
884 2576 891 2588 .
913 2576 919 2588 .
935 2533 1065 2589 Romana
1081 2534 1183 2589 literas
1201 2531 1417 2604 provoluntate

369 2620 563 2690 impetrarunt
594 2619 751 2683 citatorias,
780 2624 814 2673 ut
841 2659 877 2673 ..
900 2658 906 2672 .
927 2618 1161 2680 valitudinarios,
1181 2618 1325 2672 citaretur
1347 2657 1353 2671 .
1376 2657 1384 2670 .
1407 2657 1414 2670 .

370 2702 531 2767 Gaurainis,
552 2702 745 2757 familiaribus
773 2702 869 2765 sociis,
889 2706 947 2756 ut.
970 2743 976 2755 .
999 2743 1005 2755 .
1029 2703 1214 2771 .parit1u·us.
1251 2700 1418 2771 Episcopus

370 2804 441 2841 vero
473 2828 479 2840 .
513 2827 520 2840 .
554 2827 561 2840 .
593 2785 755 2841 tumultum
785 2785 869 2839 illum
899 2785 1019 2855 pacifice
1050 2803 1083 2839 ao
1112 2784 1274 2855 prudenter
1302 2781 1420 2838 sedavit

370 2870 552 2927 suscitatum.
601 2870 641 2925 lle
666 2870 728 2923 hoec
848 2869 1091 2931 dissimulatione,
1121 2869 1191 2939 quia
1216 2869 1323 2931 senuit,
1353 2884 1418 2938 per·
1431 2871 1527 2922 ibini.

369 2954 514 3009 transiens
528 2994 626 3009 .....
640 2960 817 3008 mercatores
830 2952 877 3006 vel
896 2952 1088 3006 cambiatores
1108 2969 1172 3006 esse
1191 2969 1259 3006 cum
1274 2951 1420 3021 jactantia
1431 2944 1487 2989 ³⁸⁴·

369 3040 547 3109 prolitentes,
567 3043 737 3092 consuetum
764 3041 918 3107 quaestum,
939 3036 1049 3089 soenora
1070 3053 1136 3090 cum
1158 3035 1252 3105 poeuis
1270 3034 1419 3103 adjimctis

370 3129 398 3178 et
416 3122 506 3176 variis
525 3122 734 3183 exactionibus,
754 3121 873 3191 impunc
891 3127 922 3174 ot
947 3120 1010 3174 sina
1028 3119 1266 3177 contradictionis
1291 3136 1418 3190 repagu-

369 3206 407 3260 lis
425 3211 625 3260 exercuerunt.
663 3205 703 3259 Et
726 3205 768 3259 sic
787 3205 863 3258 inter
882 3203 1064 3257 Christianos
1083 3221 1182 3265 usura,
1203 3221 1268 3273 quoe
1287 3203 1317 3256 in
1338 3209 1419 3257 utro·

370 3309 427 3361 quo
445 3291 630 3345 Testamenta
647 3287 829 3343 detestabilis
847 3286 1017 3351 habebatur,
1037 3287 1110 3358 proh
1136 3286 1235 3340 dolor!
1256 3287 1419 3342 suscitatur

372 3374 514 3428 rediviva.
553 3372 622 3426 Hiis
650 3389 765 3442 quoque
791 3370 894 3423 diebus
914 3411 921 3423 .
943 3411 950 3423 .
972 3411 979 3423 .
999 3370 1030 3422 in
1053 3376 1176 3433 mutum,
1198 3369 1261 3423 Deo
1290 3371 1417 3433 fauente,

375 3455 510 3528 [eoepit]³
536 3456 676 3524 adaugeri
713 3461 743 3509 et
779 3453 944 3524 prosperari
978 3471 1031 3523 per
1065 3454 1155 3506 totius
1183 3453 1419 3508 Christianitatis

370 3539 565 3602 latitudinem,
584 3544 619 3592 ut
636 3539 666 3591 in
686 3579 693 3592 .
715 3579 722 3591 .
744 3579 751 3591 .
771 3534 985 3607 praedicationis
1003 3542 1034 3589 et
1061 3535 1222 3589 scolasticae
1241 3536 1418 3607 disciplinas,

205 3617 353 3679 ⁰³P²¹¹N⁰f
370 3625 485 3694 magnis
504 3622 644 3677 coenobiis
672 3620 925 3691 aequipararetur.⁴
960 3620 1105 3684 Corduba,
1133 3621 1238 3674 civitas
1259 3621 1417 3692 Hispania

204 3684 338 3799 §imis
370 3709 489 3769 famosa,
522 3725 539 3761 a
564 3705 739 3760 Christianis
769 3705 893 3774 capitur.
940 3701 1083 3757 Obieruut
1113 3703 1235 3767 nobiles,
1268 3705 1418 3761 Bobertus

202 3817 295 3866 noble&
371 3790 594 3853 lilius-Walteri,
614 3802 644 3844 et
662 3789 797 3857 Rogemus
815 3787 851 3841 de
871 3786 1032 3850 Sumerieo,
1053 3788 1115 3840 sine
1134 3788 1241 3841 herede
1260 3788 1297 3842 de
1316 3806 1357 3844 se.

203 3923 330 3988 Henryat
404 3931 617 3981 1⁰.cc⁰.xxxvr⁰.
655 3921 717 3976 Rex
748 3918 924 3991 mauricus]
951 3920 1022 3983 111,
1048 3938 1121 3974 armo
1151 3923 1237 3992 regui
1268 3923 1316 3977 sui
1347 3931 1417 3987 m,

201 3988 333 4106 ΨΜ
369 4011 465 4066 tenuit
483 4011 589 4063 festum
608 4005 723 4061 Natalis
748 4004 825 4075 apud
843 4004 1031 4067 Wintouium,
1052 4013 1207 4075 expect-uns
1234 4006 1349 4061 ardenti
1370 4007 1418 4062 de·

205 4134 326 4184 Imm
370 4094 479 4149 siderio
509 4109 629 4147 surorum
659 4088 815 4144 adventum
851 4087 1032 4151 rtunclorum,
1065 4107 1138 4158 quaes
1168 4091 1198 4143 iu
1229 4091 1418 4146 Provinciam

205 4199 274 4263 Μ
285 4208 312 4249 to
370 4178 567 4233 destinaverat
578 4174 614 4229 ad
633 4172 839 4229 Reiumrulum.
861 4170 1021 4225 Provincia¹
1046 4173 1192 4235 comitem,
1213 4191 1231 4227 a
1251 4192 1311 4245 quo
1330 4192 1418 4247 pope

205 4266 350 4315 Alienorol
371 4268 467 4315 secuit
485 4259 575 4313 tiliam
595 4274 677 4312 sliam
696 4256 1020 4315 Alieuomm,somreu1
1039 4255 1177 4310 uidelicet
1195 4258 1308 4326 reginas
1328 4258 1419 4313 Fran·

207 4331 340 4382 ΜΨ·
370 4362 470 4397 eoriuu
488 4350 558 4397 natu
577 4346 811 4410 eorisequentaem,
830 4338 885 4393 siai
905 4339 1089 4392 irtaitriuionio
1106 4341 1308 4410 copulandam.
1345 4341 1417 4410 Quas

405 4514 411 4546 ¹
429 4513 591 4578 scienotiam]
610 4513 759 4565 eisruatieos,
770 4511 825 4561 MS.
946 4512 954 4541 ⁴
972 4512 1180 4577 ‹reuisurum-tar]
1221 4515 1418 4577 equipersretur‚

403 4594 413 4625 ’·“
430 4592 601 4657 attendebant]
619 4592 803 4645 habundabant,
812 4588 868 4639 MS.
914 4588 968 4637 MS.

406 4672 416 4701 ³
432 4670 515 4737 eupit]
526 4670 644 4732 Suppliul
651 4670 713 4717 suini
724 4667 788 4717 llas.
795 4665 867 4728 Aeol.
