3278 5610
415 789 643 840 namurcen
665 790 766 840 neers
789 789 937 841 emmor
959 790 1083 842 meru.
1197 779 1262 841 319

214 965 404 1021 instauratur.
440 966 596 1023 Antiochia
612 967 716 1021 Turcis
734 965 955 1038 insurgentibus
980 973 1101 1033 artatur,
1122 973 1151 1022 et
1168 967 1430 1038 usqueA.D.1250.

215 1052 251 1104 ad
270 1054 380 1106 civium
392 1053 494 1108 vincas
513 1059 543 1108 et
561 1053 766 1123 agriculturas,
781 1060 916 1126 atusque
929 1054 1100 1124 quandoque
1113 1054 1261 1109 admuroe
1445 1049 1467 1067 ‘⁴

216 1137 252 1189 ab
277 1137 387 1192 eisdem
413 1139 560 1209 appetitur
587 1144 618 1192 et
641 1139 841 1209 impugnatur.
887 1138 1002 1193 Pascha
1026 1139 1080 1194 hoc
1105 1157 1179 1193 anno
1209 1158 1262 1194 suo

214 1220 279 1274 loco
298 1221 405 1285 debito,
427 1223 540 1276 scilicet
563 1223 614 1276 vi⁰.
635 1221 774 1277 kalendas
797 1223 920 1294 Aprilis,
942 1224 1057 1288 evenit;
1087 1224 1165 1293 quod
1191 1242 1263 1276 nun-
1282 1229 1424 1280 arelaten.

216 1323 304 1376 quam
329 1324 364 1359 ca
391 1305 437 1360 dio
465 1307 571 1372 evcnit,
598 1325 672 1360 anno
699 1306 839 1361 videlieet
867 1307 1120 1378 quinquagesimo.
1159 1306 1264 1362 Omnia

215 1406 285 1443 vcro
304 1389 456 1454 clemente,
477 1388 553 1460 quod
571 1396 617 1445 est
634 1389 762 1444 notabile
781 1396 812 1445 et
832 1389 1071 1461 significativum,
1085 1389 1140 1445 hac
1158 1390 1263 1444 ultima

216 1491 356 1527 annorum
385 1472 591 1544 quinquagena
621 1473 771 1529 insolitum
801 1478 831 1528 et
861 1473 1024 1544 irregulare
1055 1473 1263 1530 detrimentum

215 1558 384 1612 tolerarunt.
423 1557 517 1628 Ignis,
544 1555 630 1629 quia¹
656 1557 758 1630 fulgur
788 1557 968 1629 temporibus
993 1557 1177 1630 hyemalibus
1206 1559 1262 1612 fre·

216 1650 338 1713 quanter
366 1640 506 1708 reboavit,
539 1649 569 1697 et
598 1641 772 1698 terribiliter
802 1641 909 1698 cecidit
940 1650 970 1698 et
1000 1641 1129 1707 emicuit,
1162 1647 1264 1698 contre

215 1732 327 1780 naturas
352 1744 472 1781 cursum
497 1732 676 1782 consuetum.
715 1725 785 1790 Aer,
813 1723 897 1798 quia¹
917 1744 1073 1799 pregnans,
1103 1731 1263 1799 praenotato

215 1811 334 1874 tonitru,
367 1809 484 1882 fulgure
522 1815 551 1865 et
590 1809 758 1882 pluviarum
794 1809 993 1875 inundatione,
1023 1809 1164 1882 caligavit
1198 1828 1263 1882 per·

215 1894 373 1949 turbatum.
411 1895 506 1966 Aqua,
521 1892 605 1966 quia¹
619 1914 699 1950 mare
713 1895 814 1949 solitas
833 1900 926 1950 metas
940 1894 1170 1966 transgrediens,
1191 1893 1264 1949 etin

215 1980 299 2042 mari,
320 1979 369 2032 ubi
387 1976 570 2050 profunditas
589 1997 653 2034 esse
672 1979 832 2044 consuevit,
853 1976 935 2032 arida
948 1979 1094 2050 apparuit,
1113 1977 1178 2034 loca
1196 1997 1262 2032 con·

215 2063 339 2116 termina
357 2061 529 2118 devastavit.
568 2063 668 2127 Terra,
696 2061 781 2134 quia¹
801 2062 833 2116 in
851 2061 971 2132 Anglia,
991 2068 1021 2117 et
1048 2063 1136 2116 etiam
1155 2063 1186 2116 in
1204 2061 1263 2117 Oil-

215 2146 298 2210 teria,
312 2151 496 2203 terraemotus
515 2146 650 2202 insolitus
663 2145 774 2218 pluries
786 2145 966 2217 perhorruit.
1005 2144 1044 2200 ut
1062 2146 1093 2200 in
1106 2145 1261 2209 Sabaudia,

64 2235 107 2284 fol.
120 2240 185 2288 eea.
215 2231 376 2296 civitatum,
414 2231 562 2297 villarum,
600 2231 753 2296 montium,
791 2237 963 2297 castrorum,
1002 2230 1202 2295 ecclesiarum,
1235 2236 1264 2285 et

216 2315 373 2371 multorum
392 2316 508 2371 milium
526 2315 677 2372 hominurn
695 2316 862 2388 absorptio²
879 2312 1020 2372 terribilis
1039 2319 1070 2371 et
1086 2315 1226 2370 inaudita.

44 2434 110 2484 ibid.
119 2436 155 2487 iii.
163 2441 203 2494 97.
374 2446 511 2518 virgini„
528 2465 546 2501 a
563 2452 649 2518 partu
669 2484 1048 2502 ,,,,,,,,,,,,,,

378 2567 758 2585 ..............
778 2531 922 2584 terminus
935 2530 984 2585 hie
1002 2537 1056 2585 est.

374 2613 438 2668 Neo
456 2614 670 2685 quinquagenis
688 2614 753 2669 aliis
772 2621 816 2669 tot
831 2614 938 2684 digna⁸
956 2620 1084 2686 stupore,

376 2697 460 2753 Sicut
471 2699 502 2751 in
519 2697 584 2762 hac,
597 2698 674 2752 vidit
691 2700 758 2768 quis
775 2703 861 2753 natus
874 2699 937 2753 sive
954 2704 1082 2753 renatus.

216 2831 275 2885 Hic
294 2849 410 2902 quoque
428 2832 581 2903 proposuit
599 2832 689 2886 frater
709 2831 845 2885 Matheus
870 2830 995 2886 Oronica
1013 2849 1066 2886 sua
1083 2826 1403 2910 terminare,⁴p109050(1

215 2923 335 2985 propter
354 2912 554 2969 imminentia⁵
574 2914 707 2983 quaedam
726 2914 865 2985 pericula.
905 2914 937 2969 si
955 2915 1034 2969 enim
1046 2915 1082 2969 de
1094 2913 1261 2985 potentibus
1275 2914 1394 2964 terminu·

216 3017 287 3055 vera
304 2999 439 3054 dicantur
458 3006 488 3053 et
506 2999 659 3069 scripturas
677 2994 938 3062 commendentur,⁶
956 2997 1034 3052 bella
1057 3006 1196 3069 parantur
1215 2999 1261 3064 ei;
1274 2981 1327 3096 ‘0¹2¹'
1339 2981 1419 3096 ‘gille

216 3084 242 3138 si
256 3092 416 3148 taceantur,
431 3083 478 3138 vel
491 3083 567 3136 bona
585 3101 638 3153 pro
656 3082 742 3136 malis
762 3088 944 3147 annotentur,
964 3081 1158 3150 mutilabitur,
1179 3088 1209 3137 et
1226 3083 1262 3136 de
1274 3061 1429 3163 offfatssg

215 3168 432 3232 blandimentis,
453 3167 668 3222 adulationibus
687 3172 717 3221 et
735 3166 912 3221 falsitatibus
932 3167 1064 3238 graviter
1082 3185 1154 3238 opus
1173 3166 1262 3222 totale
1275 3180 1354 3229 Paris,

215 3253 475 3325 condempnabitur
487 3257 517 3306 ct
529 3250 732 3322 redarguetur.
771 3249 903 3305 Libellus
922 3251 978 3306 isto
990 3252 1102 3305 auctori
1121 3269 1174 3306 suo
1192 3269 1263 3322 ager

215 3338 325 3394 sterilis
343 3343 440 3409 potest
451 3337 558 3391 merite
575 3335 727 3406 appellari.
763 3333 841 3389 Nam
868 3334 957 3389 sudor
975 3335 1006 3390 in
1024 3336 1140 3391 cultura
1156 3335 1263 3391 labori-

214 3442 292 3486 osus,
312 3423 343 3477 in
361 3421 534 3494 colligendae
553 3421 657 3475 messis
676 3428 817 3491 tempore,
839 3419 1072 3475 commoditatis⁷
1090 3419 1263 3475 omnimoda

214 3506 352 3571 carentia,
367 3506 451 3571 filir,⁸
469 3506 560 3578 spinae
579 3509 609 3559 et
626 3504 738 3568 tribuli,
757 3522 811 3574 pro
830 3504 974 3558 fructibus
993 3504 1180 3576 colliguntur.
1211 3503 1260 3569 Et,

216 3596 234 3618 ‘⁴
249 3592 321 3662 quid
336 3592 422 3661 juvat
448 3592 479 3644 in
507 3589 601 3646 sterili
620 3606 759 3660 spargere
784 3606 884 3643 semen
909 3588 1050 3644 humoi’”
1079 3586 1262 3660 Sperandum

214 3683 312 3731 tamen
330 3683 384 3740 est,
404 3675 482 3747 quod
498 3675 572 3729 bona
591 3693 656 3744 quas
674 3675 761 3728 homo
781 3691 839 3728 non
857 3681 1025 3729 remunerat
1044 3673 1187 3745 ingratus,
1206 3671 1262 3727 Dei

214 3760 337 3831 largitas
363 3760 477 3831 plenius
503 3757 745 3830 recompensabit.
795 3757 910 3812 Bonum
937 3759 1045 3829 quippe
1072 3764 1118 3812 est
1144 3756 1182 3812 ad
1205 3756 1261 3812 Dei

214 3844 331 3898 laudern
349 3852 470 3899 eventus
488 3861 588 3898 rerum
599 3842 773 3897 notabilium
791 3840 942 3897 scribendo
952 3847 1134 3913 perpetuare,
1147 3848 1182 3897 ut
1194 3841 1261 3897 sub-

216 3933 369 3998 sequentes
389 3928 512 3998 legendo
539 3928 729 3999 castigentur,
749 3926 827 3980 mala
852 3944 918 3997 quar
945 3926 1035 3997 digna
1055 3931 1124 3981 sunt
1151 3924 1260 3981 ultione

215 4011 380 4076 devitand0,
400 4021 430 4067 et
447 4011 540 4067 bona⁹
559 4030 624 4083 quae
643 4010 785 4065 Dominus
807 4009 892 4081 pleno
910 4014 1078 4065 remunerat
1104 4007 1259 4080 operando.

215 4095 319 4151 Dictus
339 4103 435 4150 autern
453 4098 544 4150 frater
562 4096 708 4159 Mathone,
729 4095 799 4148 dum
823 4095 853 4149 in
877 4095 1028 4165 proposita
1049 4093 1155 4150 fuisset
1172 4094 1261 4149 histo-

214 4180 319 4234 rialem
336 4180 445 4234 librum
464 4198 550 4234 suum
568 4179 734 4242 terminare,
750 4179 792 4233 sic
810 4179 862 4242 ait,

248 4348 254 4378 ¹
273 4350 346 4413 qrsio]
366 4346 623 4412 quasi‚FIorcaH1lrt.
794 4344 804 4375 ⁵
821 4345 980 4411 imminentia]
999 4343 1136 4406 lminentia,
1149 4346 1205 4397 MS.

247 4429 257 4460 2
275 4428 412 4494 absorptio]
431 4428 551 4485 absorcio,
562 4426 619 4476 MS.
795 4425 805 4456 ⁸
821 4423 1035 4490 wnmeudenrn]
1074 4427 1261 4487 concedentur,

247 4507 257 4537 ³
274 4508 363 4573 dique]
381 4506 484 4572 (lingna,
495 4507 552 4556 MS.
760 4503 817 4553 MS.

247 4590 257 4617 ⁴
275 4586 326 4637 Hic
343 4621 350 4637 .
368 4623 374 4635 .
393 4585 535 4650 temtum]
559 4584 668 4634 Written
688 4591 714 4634 at
794 4585 804 4620 ⁷
821 4583 1004 4650 meditatie]
1026 4584 1191 4647 meditatis,
1201 4585 1258 4637 MS.

214 4669 267 4716 tirst
277 4668 358 4718 closer
368 4674 395 4717 te
413 4666 456 4717 the
472 4664 608 4732 preceding
622 4679 713 4723 verses,
793 4663 804 4694 ⁸
813 4662 886 4729 filix]
906 4664 974 4725 filex,
985 4663 1042 4716 MS.

213 4750 260 4798 but
270 4747 575 4810 ebenmmmmd
584 4745 711 4799 territur
793 4744 803 4774 ⁹
821 4743 899 4810 bono]
918 4745 960 4806 be,
971 4744 1027 4796 MS.

212 4828 290 4880 lover
299 4830 382 4880 (lon.
732 4867 736 4877 .
