3278 5610
358 798 407 848 ua
427 798 589 848 rauroan
612 797 714 846 auore
737 797 891 862 amaror,
912 798 979 848 ιιι.
1000 798 1124 848 raarrr.
1217 779 1260 849 17

210 971 303 1035 mina
333 975 434 1036 terrae
466 969 601 1036 domino
636 990 731 1054 papae
769 969 915 1034 seriatim
954 970 1176 1050 monstraturi,
1214 969 1338 1034 ausu.
1354 985 1426 1032 mss.

209 1073 316 1159 ipsam
338 1073 525 1137 Romanam
551 1070 678 1136 auriam
711 1070 824 1135 nuncii
846 1070 979 1136 discreti
1001 1070 1256 1152 destinarentur,

210 1174 271 1238 has
293 1173 448 1260 epistolas
469 1172 569 1237 solito
590 1171 806 1238 mordaciores
829 1171 960 1238 domino
982 1194 1076 1258 papae
1098 1178 1133 1238 et
1155 1174 1259 1239 cardi·
1357 1247 1362 1255 ¹

211 1276 351 1354 nalibus,
383 1296 427 1341 ex
459 1277 554 1360 parte
587 1273 693 1338 totius
724 1273 970 1338 communitatis
992 1273 1069 1338 oleri
1090 1279 1126 1339 et
1146 1277 1259 1361 populi

211 1379 304 1463 regni
327 1376 513 1464 Anglicani,
537 1375 665 1440 eminus
688 1376 871 1440 ostensuri:
905 1375 1149 1440 “sanctissimo
1171 1378 1299 1499 patrith
1271 1383 1395 1434 Iaetterto

212 1481 247 1543 in
286 1478 419 1545 Christo
455 1501 494 1544 ac
530 1476 662 1542 domino
689 1475 929 1562 I[nnooentio],
952 1477 1017 1541 Dei
1048 1450 1390 1567 providentiapoffi

212 1603 340 1647 summo
370 1580 527 1668 pontifici,
558 1578 781 1644 universites¹
807 1579 885 1644 cleri
907 1584 943 1645 et
965 1579 1078 1666 populi
1104 1602 1164 1667 per
1184 1602 1260 1666 pro·
1246 1582 1393 1646 .provinee

211 1684 352 1749 vinciam
368 1683 639 1750 cantuariensem
662 1681 847 1761 constituti,
871 1681 993 1746 devota
1015 1681 1136 1768 pedum
1151 1683 1261 1748 oscula
1271 1647 1363 1780 {ign
1364 1660 1416 1699 ω’

211 1785 390 1852 beatorum
436 1784 522 1851 Cum
552 1783 740 1870 Anglioana
763 1782 926 1859 ecclesiass’
949 1787 1009 1848 etc.
1056 1784 1233 1870 Requirs'
1222 1807 1259 1849 m

211 1886 334 1953 Rutulo
356 1885 478 1953 aurire.²
517 1885 560 1950 In
582 1885 648 1951 fine
670 1906 749 1950 vero
771 1884 943 1972 epistolae:
968 1885 1133 1951 “Latoree
1154 1887 1260 1973 igitur

208 1989 420 2076 presentium
454 2010 529 2054 cum
560 1987 800 2074 supplicatione
831 1995 945 2052 nostra
975 1987 1019 2052 ad
1048 1990 1257 2075 praescntiam

208 2090 397 2157 sanctitatis
419 2095 541 2156 vestrae
563 2089 776 2169 destinamus,
806 2094 845 2154 ut
871 2077 1017 2176 pericula
1038 2089 1134 2155 vobis
1155 2111 1255 2178 expo-

208 2199 292 2259 nant
331 2197 367 2258 et
399 2189 630 2268 incommoda,³
661 2213 736 2277 quse
767 2190 803 2255 in
832 2191 1010 2278 promptu⁴
1042 2199 1258 2277 sequerentur

208 2318 249 2360 ex
271 2295 458 2382 praemissis,
482 2299 517 2359 et
539 2315 615 2379 quae
637 2293 731 2358 nulla
752 2315 924 2381 possumus
953 2294 1080 2359 ratione
1106 2301 1257 2381 portare3

206 2397 285 2463 licet
316 2398 419 2462 simus
449 2397 485 2461 in
516 2395 606 2461 omni
639 2395 773 2461 vinculo
806 2394 962 2472 caritatis,
996 2395 1192 2463 obedientiae
1223 2403 1259 2462 et

208 2499 396 2564 devotionis
419 2499 513 2564 vobis
535 2496 681 2584 obligati
737 2496 784 2563 Et
805 2498 884 2584 quia
905 2497 1123 2563 communitas
1145 2505 1259 2563 nostra

207 2601 353 2687 sigillum
376 2622 444 2665 non
473 2599 586 2676 habet,
619 2606 797 2686 praesentes
822 2599 938 2664 literas
960 2600 1055 2687 signo
1078 2602 1256 2665 eommuni-

207 2703 289 2769 tatis
311 2703 460 2768 civitatis
484 2701 732 2767 Loudoniarum
753 2708 875 2767 vestrae
898 2702 1071 2767 sanctitati
1093 2702 1259 2769 mittimus

208 2803 435 2890 consignataa’
437 2803 470 2841 ’5
514 2803 612 2879 Item,
645 2803 867 2870 cardinalibus
901 2803 1054 2869 similiter
1087 2803 1393 2871 humiliterutterto

209 2908 368 2993 scriptum
391 2904 464 2971 est⁶
1270 2877 1408 2995 ἕξω

210 3197 456 3264 Adclamatur
469 3196 714 3265 udrccuwriuoe
724 3197 850 3364 placella
864 3199 1071 3264 orarituodoe
1085 3199 1258 3265 mobilibus

665 3301 748 3383 naq
762 3299 806 3364 icc

254 3457 300 3521 Et
322 3457 402 3522 dum
417 3479 478 3522 neo
500 3457 609 3524 adhuc
632 3464 849 3523 memoratum
871 3457 1045 3522 concilium
1067 3459 1256 3540 solveretur,
1270 3466 1348 3519 Peter
1359 3469 1387 3519 οι

209 3558 327 3624 Petrus
349 3561 390 3625 de
413 3560 588 3636 Sabaudia,
612 3582 719 3626 comes
742 3558 1000 3640 Riohemundiae,
1023 3559 1150 3626 domiui
1173 3563 1258 3648 regis
1249 3513 1359 3667 ξξζοέ,

208 3662 445 3727 secretissimus
467 3662 682 3740 consiliarius,
705 3662 748 3727 ad
771 3662 896 3727 curiam
919 3662 1012 3748 regis,
1036 3663 1158 3729 scilicet
1174 3665 1259 3729 Lou-
1269 3666 1367 3733 foreign

210 3764 327 3842 doniis,
349 3765 552 3852 perveniens,
575 3787 684 3831 secum
718 3765 760 3831 de
792 3764 945 3851 partibus
974 3765 1042 3830 suis
1071 3766 1259 3853 longinquis
1270 3733 1420 3853 &m

245 4048 252 4080 ¹
271 4052 431 4118 catenatas]
452 4052 594 4114 diversitas,
604 4053 660 4104 MS.
733 4062 737 4083 ¹
789 4054 800 4085 5
818 4055 988 4120 mmm]
1008 4054 1065 4105 The
1084 4055 1133 4105 last
1152 4054 1259 4118 syllable

243 4127 620 4198 *Requeesnmaueurm
633 4133 714 4183 wut-
756 4134 866 4184 iaonan
879 4147 989 4184 erasure.

210 4213 254 4256 ten
265 4222 299 4256 on
310 4222 326 4257 a
337 4209 385 4272 slip
396 4209 427 4259 of
441 4211 537 4260 vellum
555 4213 714 4274 pastedover
790 4210 929 4261 ‘similiter
946 4248 952 4260 .
971 4249 977 4260 .
996 4248 1002 4261 .
1020 4211 1069 4277 eet]
1088 4212 1130 4264 On
1141 4227 1157 4262 a
1168 4212 1216 4278 slip
1232 4215 1263 4264 os

211 4301 243 4334 au
256 4300 358 4337 erasure
369 4287 400 4337 of
413 4287 457 4338 the
467 4288 577 4354 original
597 4289 715 4349 rexatus
757 4290 852 4341 vellum
870 4291 959 4355 posted
985 4291 1065 4340 above
1086 4290 1130 4341 the
1150 4292 1258 4358 original

211 4365 360 4416 firstvords
378 4367 410 4417 of
424 4367 508 4418 which
528 4383 622 4433 appear
638 4375 665 4418 to
682 4369 715 4418 be
735 4420 738 4433 ,
758 4376 822 4426 text,
852 4368 936 4418 which
964 4370 1045 4430 rende,
1073 4369 1189 4422 eiailr'ter.
1223 4372 1256 4423 Ia

212 4443 245 4494 Ia
256 4444 342 4496 rotalis
361 4485 367 4498 .
385 4485 391 4497 .
411 4483 417 4498 .
435 4485 442 4498 .
477 4447 534 4498 The
556 4448 630 4498 letter
646 4447 670 4497 is
686 4447 714 4496 in
735 4446 738 4497 l
755 4446 876 4514 predicto
887 4445 948 4496 libro
959 4449 1102 4514 reperietur,
1112 4452 1162 4500 and
1176 4451 1202 4500 in
1214 4452 1257 4502 the

211 4523 243 4573 B.
256 4524 285 4575 C.
298 4528 349 4589 (ed.
362 4527 443 4587 Wats,
452 4543 477 4590 p.
491 4530 561 4591 721).
735 4546 739 4589 ρ
757 4527 857 4592 margin
868 4528 890 4575 is
909 4528 1000 4585 added.
1016 4526 1117 4593 epwwh
1128 4531 1164 4580 eis
1174 4532 1257 4581 musa.

243 4602 432 4671 ³5⁸⁶me
447 4605 589 4666 incomoda,
600 4605 657 4655 MS.
735 4596 814 4656 ΕΤδο
824 4606 898 4657 letter
909 4605 930 4656 is
941 4606 968 4656 in
981 4607 1012 4659 B.
1024 4606 1053 4658 C.
1066 4608 1118 4671 (ed.
1129 4609 1211 4668 Wnta
1230 4625 1255 4672 p.

245 4681 256 4711 ⁴
269 4684 401 4751 μοιμοι]
420 4693 527 4750 promtu,
539 4684 596 4736 MS.
735 4666 740 4747 l
759 4687 830 4750 721.)

299 4781 377 4834 VOL.
401 4783 453 4833 111.
1104 4785 1127 4832 B
