3278 5610
412 775 460 826 nn
481 776 644 827 rnnrosn
665 776 768 826 suess
790 777 937 828 nmium
958 778 1083 828 suurn.
1204 760 1271 832 247

221 972 307 1009 sunm
320 953 452 1026 pallians,
472 951 631 1025 respondit,
651 951 750 1007 dicens
763 968 794 1007 se
811 950 1023 1007 Normanniam
1041 991 1049 1007 .
1071 993 1078 1007 .
1099 994 1107 1008 .
1128 993 1135 1009 .
1154 953 1192 1009 ad
1204 971 1267 1010 sam
1278 958 1348 1013 ΔᾸ).
1363 961 1434 1014 isat

220 1038 311 1093 vellet
327 1038 449 1092 venire.
466 1077 492 1091 ..
509 1036 600 1092 ,dum
618 1036 744 1107 imprisii
763 1037 808 1091 sui
821 1045 852 1091 et
869 1036 965 1100 emioi,
984 1042 1044 1091 tam
1062 1037 1161 1094 clerici
1180 1057 1266 1110 quam
1279 1039 1435 1104 complaints

152 1141 153 1145 ¹
219 1122 297 1185 laici,
312 1122 402 1176 immo
421 1128 451 1177 et
469 1120 588 1193 quidam
605 1120 678 1176 civis
696 1119 915 1186 Loudoniensis,
934 1120 1106 1184 redditibus,
1126 1125 1264 1193 possessi·
1278 1108 1392 1159 ⁰f1¹⁰¹¹l⁸

219 1207 321 1261 onibus
332 1212 362 1262 et
370 1207 504 1262 omuibus
512 1204 669 1260 honoribus
681 1204 807 1276 spoliati,
817 1205 887 1259 facti
896 1211 965 1260 sunt
976 1223 1028 1275 per·
1039 1207 1169 1276 legatum
1179 1224 1264 1263 sunm
1275 1174 1373 1304 &t

219 1290 319 1345 exules
345 1297 375 1346 et
397 1290 534 1346 mendici.
585 1289 651 1344 “Et
675 1295 851 1344 memoratus
878 1289 961 1353 civis,
989 1290 1102 1345 seilicet
1125 1289 1264 1347 Constan-
1278 1307 1375 1373 fleury,

220 1375 310 1438 tinus,
325 1375 395 1445 quia
412 1391 459 1428 me
478 1374 603 1428 amioum
617 1390 702 1428 snum
713 1369 904 1444 recognovit,¹
923 1391 980 1428 non
990 1374 1052 1429 sine
1069 1374 1128 1429 mei
1139 1376 1265 1430 maximo

225 1458 376 1522 dedecore,
400 1465 446 1513 est
463 1458 594 1529 patibulo
613 1462 813 1528 praesentetus.
850 1457 1015 1513 Libertates
1032 1467 1063 1514 et
1073 1459 1182 1514 liberas
1200 1478 1266 1515 eon·

223 1543 402 1609 suetudines,
416 1561 469 1617 pro
479 1542 584 1614 quibus
597 1542 719 1596 barones
732 1541 778 1596 sui
787 1541 898 1611 justam
911 1559 1049 1612 guerram
1059 1549 1222 1608 moverunt,
1237 1550 1267 1599 et

221 1645 293 1700 quas
303 1627 409 1683 totiens
414 1627 546 1698 juratum
554 1632 599 1682 est
606 1625 813 1680 inviolabiliter
823 1630 931 1690 tenera,
941 1626 1061 1681 minime
1067 1632 1156 1682 tenet.
1171 1627 1266 1683 Immo

223 1711 335 1766 nobiles
348 1728 416 1767 suos
426 1711 487 1766 odit
496 1719 525 1766 et
534 1710 682 1781 opprimit,
695 1710 788 1780 patris
801 1726 925 1780 sequens
938 1709 1065 1780 vestigia
1075 1710 1263 1781 pedetentim.

222 1795 262 1850 Et
273 1795 497 1858 Loudonienses,
512 1795 618 1866 spretis
632 1811 733 1849 eorum
741 1793 868 1865 antiquis
881 1799 911 1848 et
922 1793 1005 1849 novis
1017 1794 1118 1865 pactis,
1129 1794 1264 1866 frequen·

224 1880 303 1934 tibus
316 1880 407 1935 talliis
425 1885 455 1934 et
472 1879 611 1950 angariis,
626 1878 709 1949 quasi
722 1895 821 1933 servos
834 1878 945 1933 ultimas
958 1878 1140 1942 conditionis,
1154 1878 1262 1950 depree-

222 1964 308 2019 dntur
326 1969 356 2019 et
373 1963 559 2037 depauperat.
597 1962 666 2017 Alia
690 1968 798 2026 eutem,
826 1979 891 2034 quas
915 1962 1010 2016 relatu
1037 1967 1106 2017 sunt
1131 1962 1262 2034 indigna,

218 2048 417 2120 praetermitto.
456 2047 533 2102 Dum
546 2047 639 2118 igitur
651 2047 681 2100 iu
693 2052 810 2117 pectore
824 2087 831 2100 .
854 2087 860 2100 .
879 2088 885 2101 .
899 2051 1099 2117 transgressor
1111 2047 1260 2118 optinebit.

218 2133 334 2204 Dignus
346 2133 444 2186 enim.
461 2174 467 2186 .
484 2174 490 2186 .
505 2131 683 2187 conculcat.”
719 2130 805 2185 Hanc
813 2131 906 2201 igitur
915 2130 1066 2184 audientes
1078 2131 1263 2201 tyrannidem

217 2217 451 2288 archiepiscopus
465 2221 495 2270 et
507 2216 645 2287 episcopi,
658 2215 813 2270 voluerunt
825 2214 883 2268 hiis
895 2213 1080 2284 respondere,
1096 2212 1173 2284 [sed]
1183 2214 1193 2247 ²
1204 2233 1262 2270 non

216 2306 285 2355 sunt
303 2299 441 2354 exauditi.
479 2299 518 2354 Et
536 2317 603 2354 cum
621 2316 679 2354 non
695 2303 815 2369 possent
826 2297 904 2352 aliud
917 2315 1088 2369 responsum
1100 2306 1259 2369 reportare,

215 2401 282 2438 oum
300 2383 425 2438 sannis.
454 2425 459 2436 .
491 2424 497 2437 .
525 2383 679 2438 audierant
703 2382 834 2437 relaturi.
873 2380 944 2450 Quae
970 2398 1038 2436 oum
1064 2399 1116 2436 rex
1140 2382 1260 2437 audiens
1273 2393 1412 2460 Hanryre.

215 2467 416 2532 intellexisset,
437 2465 531 2521 doluit
549 2473 579 2522 et
595 2467 734 2538 poenitnit
757 2484 824 2520 eum
842 2465 1029 2521 vehementer
1046 2471 1107 2521 tam
1120 2467 1261 2521 lavorabi·
1273 2468 1345 2539 penta
1355 2462 1396 2512 hie

214 2551 272 2605 lem
305 2552 395 2606 luisse
426 2550 592 2614 Ludowieo,
618 2568 685 2606 cum
716 2551 747 2605 in
773 2549 947 2604 retiaculum
977 2568 1062 2605 suum
1092 2550 1259 2617 incidisset;
1273 2527 1393 2645 {ffi'ly

218 2635 368 2706 imponens
398 2635 453 2689 hoo
480 2635 649 2690 affirmative
674 2652 727 2706 per
753 2652 894 2705 magnum
918 2634 1145 2689 Marescallum³
1169 2635 1261 2689 fuisse
1352 2611 1398 2646 ω’

213 2719 421 2774 machinatum.
461 2718 595 2773 Surrexit
611 2718 804 2773 murmuratio
821 2735 879 2772 non
897 2717 1011 2773 modica
1021 2719 1098 2773 inter
1110 2725 1259 2789 magnates
1274 2733 1401 2784 Murmur,

214 2803 300 2874 regni
321 2807 351 2856 et
369 2803 537 2856 Hubertnm
555 2802 591 2855 de
614 2803 724 2873 Burgo,
744 2800 861 2873 Anglim
883 2802 1091 2872 justiciarium,
1120 2808 1149 2857 et
1176 2802 1260 2874 quasi
1272 2801 1370 2863 against

216 2888 296 2956 regis
309 2886 496 2957 pedagogum
508 2885 674 2957 specialem,
695 2903 729 2940 eo
739 2886 879 2941 videlicet
891 2885 968 2957 qnod
978 2904 1036 2941 non
1044 2887 1129 2958 regni
1141 2866 1412 2982 negotia{3¹:1¹rbeh‘fde

216 2970 352 3034 fideliter,
367 2969 419 3024 sed
438 2986 500 3033 sna,
520 2986 578 3023 non
595 2969 764 3039 reipublicae
783 2969 835 3024 sed
847 2969 892 3024 sui
911 2970 1004 3040 ipsius
1021 2969 1144 3025 honores
1157 2970 1259 3040 ampli·
1324 2948 1341 2997 Β

135 3075 138 3080 ’
214 3060 278 3109 aret
305 3059 335 3109 et
363 3053 571 3125 possessiones,
602 3051 696 3107 elatus
722 3059 841 3124 propter
867 3053 995 3123 gratiam
1015 3070 1103 3123 qnam
1124 3052 1205 3108 Deus
1230 3054 1258 3108 ei

215 3140 324 3194 lecerat
348 3138 380 3192 in
397 3136 481 3192 mari.
518 3136 602 3190 Alias
622 3141 719 3190 autem
739 3153 841 3191 causas
859 3137 885 3190 si
914 3136 979 3206 quis
1004 3136 1079 3191 seire
1099 3135 1255 3202 desiderat,

212 3222 322 3276 librum
340 3222 468 3293 aliquem
487 3220 522 3274 de
541 3220 682 3274 Historiis
691 3219 853 3275 Annalibus
872 3219 928 3274 sibi
942 3225 1054 3290 quaerat
1065 3219 1257 3275 intuendum.⁴

215 3306 303 3377 Apud
327 3304 506 3368 Bromholm,
538 3303 657 3358 domum
682 3302 795 3358 scilicet
818 3303 1026 3374 religioromm
1051 3304 1257 3358 monachorum
1268 3319 1422 3374 Mimtmt

211 3391 373 3460 nigrorum,
393 3389 585 3443 crebruerunt
596 3386 697 3441 divina
714 3387 863 3452 miracula,
877 3386 915 3441 ad
933 3387 1058 3457 gloriam
1070 3395 1100 3441 et
1117 3388 1255 3442 honorem
1268 3386 1424 3441 Bromholm.

211 3474 372 3529 Dominicae
391 3472 494 3529 Grucia
513 3478 543 3528 et
560 3471 717 3527 Passionis.
755 3470 912 3535 lohannes,
932 3488 984 3527 rex
1001 3471 1255 3528 Jerosolimitenus

213 3598 375 3613 .....
403 3557 531 3612 civiliter
558 3556 687 3626 suscepit
717 3561 747 3610 et
770 3555 924 3611 honoravit
950 3597 957 3610 .
985 3596 992 3610 .
1024 3596 1030 3609 .
1058 3555 1094 3610 de
1118 3556 1256 3612 thesauro

211 3644 362 3698 effluenter
380 3641 541 3696 distribuit.
578 3640 722 3710 Magister
742 3636 890 3710 [Simon]⁶
908 3639 944 3694 de
961 3639 1079 3712 Apulia,
1103 3640 1256 3714 episeopus
1269 3661 1366 3712 neap„
1377 3664 1409 3713 of

213 3727 394 3791 Exoniensis,
409 3731 439 3780 et
456 3724 624 3779 Willelmus
643 3724 679 3778 de
698 3723 856 3779 (lornhulle
875 3721 1041 3796 [episeopus
1060 3723 1382 3796 Gestrensis]⁰prelatea

208 3811 350 3867 obierunt.

44 3956 76 4006 H·
89 3956 123 4006 A·
136 3957 162 4006 ii·
253 3968 344 4015 ηοω
356 3969 464 4014 xn11110.
503 3959 565 4015 Rex
583 3960 740 4024 Henricus,
755 3978 829 4016 anno
846 3961 931 4031 regni
950 3959 996 4016 sui
1008 3977 1092 4026 nono,
1106 3959 1201 4016 tenuit
1220 3973 1227 4015 ;
1248 4001 1255 4015 .

44 4029 100 4072 ²⁶⁰·
213 4090 219 4101 .
243 4089 249 4100 .
273 4089 280 4100 .
301 4047 410 4100 festum
429 4061 524 4108 suum,
545 4045 629 4113 quasi
648 4044 781 4110 aemulus,
807 4045 903 4101 tenuit
928 4062 963 4100 ex
989 4044 1121 4109 adverso,
1141 4051 1257 4100 tumens

214 4173 221 4187 .
243 4172 249 4185 .
273 4171 279 4184 .
300 4128 436 4199 exigebat
454 4128 490 4182 ab
509 4127 620 4182 eodem.
664 4128 912 4200 Archiepiscopus
932 4170 940 4183 .
961 4170 968 4183 .
990 4170 997 4183 .
1017 4135 1087 4184 tune
1105 4127 1147 4183 ibi
1170 4127 1256 4184 habe-

251 4358 258 4389 ¹
279 4356 428 4421 recopnooit]
447 4353 621 4419 reconguovit,
631 4355 687 4405 MS.
792 4355 917 4423 ‘Simonj
948 4356 1067 4422 Supplied
1094 4357 1158 4409 from
1185 4357 1255 4408 Has.

244 4440 255 4472 ²
271 4440 328 4505 sed]
336 4441 344 4463 '
353 4438 465 4488 Omitted
477 4438 503 4486 in
515 4436 570 4486 MS.
760 4434 843 4498 Aegl,
854 4434 879 4484 ii.
892 4442 948 4486 260.

246 4518 463 4585 ³Maresca11um]
475 4517 716 4578 Macedoniis.
793 4510 947 4580 ‘episcopua
961 4515 1108 4584 Ceslreasis]
1136 4517 1255 4583 Supplied

249 4603 258 4633 ⁴
278 4602 325 4651 See
341 4600 384 4650 the
402 4601 508 4651 Grsater
519 4597 662 4656 Chronicle,
679 4599 716 4648 ed.
762 4593 824 4643 from
837 4594 878 4644 the
889 4610 963 4644 same.

212 4683 294 4742 Wats,
306 4697 329 4745 p.
343 4686 399 4729 318.
710 4667 712 4671 ’
