3278 5610
396 837 443 886 na
464 816 625 887 rauroaa
648 839 750 888 neers
773 837 929 901 neuster,
952 837 1019 886 vrz.
1043 838 1166 887 raurn.
1261 824 1301 886 tl

253 1007 424 1071 nestorium,
451 1014 571 1080 propter
596 1008 846 1080 pradeeessorum
874 1025 994 1062 suorum
1021 1008 1240 1079 negligentiam,
1267 1008 1307 1063 sit
1319 1015 1388 1068 A.D.
1406 1021 1478 1066 1248.

254 1089 284 1142 in
296 1089 364 1153 hiis,
379 1109 445 1161 quae
463 1092 501 1146 ad
515 1092 710 1147 monasticum
722 1092 854 1147 ordinem
866 1092 1022 1163 pertineat,
1036 1091 1239 1157 deformatum,
1253 1110 1307 1147 nee

253 1173 421 1229 inveniatur
439 1174 470 1228 in
486 1175 621 1246 partibus
636 1175 696 1231 illis
715 1176 766 1246 qui
786 1182 898 1231 statuta
916 1181 946 1230 et
963 1176 1164 1231 observantias
1177 1175 1308 1246 ejusdem

255 1255 374 1312 Ordinis
392 1258 465 1313 bene
484 1259 567 1322 sciat,
587 1278 650 1325 nos,
670 1259 708 1314 ad
726 1260 971 1332 supplicationem
997 1260 1090 1332 ipsius
1108 1259 1232 1326 abbatis,
1251 1259 1310 1316 dis·

255 1341 429 1396 cretionem¹
448 1348 530 1398 tuam
548 1362 687 1416 rogamus
706 1345 847 1400 attentius
866 1350 897 1399 ct
908 1344 1073 1409 hortamur,
1087 1362 1141 1416 per
1154 1344 1311 1417 apostoliea

255 1424 310 1479 tibi
329 1426 440 1498 scripta
456 1427 636 1493 mandantes,
657 1430 795 1500 quatinus
822 1428 966 1484 dilectum
985 1427 1090 1494 filium,
1111 1429 1233 1484 fratrem
1249 1428 1312 1482 Ma·

256 1508 380 1574 theum,²
396 1511 570 1567 monaahum
588 1519 682 1578 tuum,
701 1514 752 1585 qui
764 1514 874 1569 dicitur
886 1513 1017 1585 probatae
1030 1514 1099 1569 vitre
1112 1532 1146 1568 ac
1158 1511 1311 1584 religionis

158 1591 161 1597 '
257 1600 392 1664 expertae,
406 1594 443 1649 ad
455 1595 533 1651 idem
544 1597 763 1661 monasterium,
777 1606 811 1652 ut
822 1597 934 1653 dictum
947 1597 1083 1652 abbatem
1105 1603 1135 1652 et
1156 1597 1312 1651 monachos

258 1696 326 1733 suos
352 1678 382 1733 in
410 1679 596 1752 regularibus
622 1681 787 1754 disciplinis
813 1687 844 1737 et
871 1681 1000 1747 statutis,
1030 1700 1095 1752 quaa
1123 1680 1160 1735 ad
1187 1680 1312 1736 eundem

258 1762 396 1818 Ordinem
426 1764 582 1835 pertinent,
614 1765 752 1821 informet
781 1773 812 1821 et
847 1766 985 1830 instruat,
1022 1765 1232 1829 transmittere,
1259 1783 1312 1836 pro

257 1845 356 1902 divina
372 1853 402 1903 et
418 1849 585 1920 apostoliea
604 1848 683 1904 sedis
703 1868 736 1904 ac
755 1855 855 1905 nostra
871 1849 1046 1914 reverentia,
1066 1868 1125 1905 nou
1143 1856 1309 1921 postponas.

258 1928 366 1985 Datum
391 1931 539 2047 Lugduni,
565 1951 593 1988 v.
622 1933 761 1988 kalendas
792 1933 974 1999 Decembris,
1002 1933 1188 2006 pontificatus
1219 1932 1311 1988 nostri
1347 1936 1378 1984 27
1391 1932 1457 1984 Nou.

262 2032 336 2069 anno
354 2014 415 2069 v⁰.”

301 2099 479 2165 Sciendum
501 2123 639 2188 quoque,
663 2103 751 2188 qnod
774 2102 809 2167 in
832 2125 933 2190 regno
957 2102 1145 2191 Norwagiae
1171 2102 1442 2189 [inter]⁴Founda-

257 2224 371 2267 ornnes
394 2203 512 2269 domus
534 2206 763 2292 religiosorum
787 2206 886 2292 Nigri
920 2206 1055 2272 Ordinis
1090 2206 1311 2292 supereminet
1323 2185 1468 2314 {fflfgsse

257 2303 313 2369 illa
335 2305 462 2385 domus,
485 2329 560 2393 quae
584 2307 708 2372 dieitur
729 2308 866 2373 abbatia
900 2308 940 2373 de
976 2307 1088 2388 Helm,
1119 2313 1154 2373 et
1188 2311 1239 2372 est
1270 2307 1440 2372 deHolmin

257 2406 378 2472 Sancto
401 2408 589 2476 Benedicta.
638 2393 697 2474 'Et
719 2410 825 2498 ipsam
847 2410 1004 2475 fundavit
1033 2433 1093 2476 rex
1117 2410 1310 2497 magnificus
1323 2383 1444 2450 Norway.

256 2509 395 2596 Angliae,
419 2511 531 2577 Daciae
562 2518 597 2577 et
631 2513 1046 2605 Norwagiae'Onutopqui
1070 2513 1163 2577 etin
1186 2512 1311 2599 Anglia

257 2613 422 2697 quandam
445 2615 580 2679 domum
603 2615 762 2680 fundavit
794 2615 1010 2682 inhonorem
1034 2614 1180 2700 ejusdem
1203 2612 1310 2679 saneti

259 2715 440 2794 Benedicti,
465 2717 620 2782 videlieet
642 2718 688 2783 sie
710 2719 928 2798 nominatam,
953 2717 1068 2782 Sancti
1082 2716 1255 2782 Benedicti
1271 2717 1311 2782 de

259 2816 370 2882 Helm.
418 2817 464 2882 Et
496 2819 584 2883 idem
618 2842 678 2884 rex
716 2819 885 2884 abbatiam
920 2819 1158 2884 nobilissimam
1197 2819 1311 2884 Sancti

260 2919 431 2985 Edmundi
455 2920 680 3001 instauravit,⁵
702 2922 884 3009 ampliavit,
901 2927 937 3005 et
951 2921 1126 2986 monachos
1141 2918 1313 2986 institunt

261 3021 439 3087 Sciendum
473 3024 616 3111 insuper,
644 3025 732 3111 quod
765 3026 801 3089 in
833 3047 935 3111 regno
965 3030 1155 3101 memorato,
1189 3025 1313 3091 seilicet
1326 3038 1460 3104 Abbeyof

260 3124 294 3189 N
296 3127 450 3214 uraugia,
486 3127 522 3191 in
557 3134 670 3192 monte
704 3127 804 3193 Sellio
836 3133 887 3193 est
920 3127 1071 3214 quaedam
1102 3126 1238 3192 abbatia
1272 3127 1312 3192 de
1324 3106 1479 3238 ffistffi'

261 3228 383 3295 Sancto
406 3229 545 3307 Albano,
568 3230 754 3316 Anglorum
777 3227 1052 3317 prothomartire.⁷

294 3509 300 3542 ¹
311 3507 487 3575 dhereticnem]
497 3507 699 3567 diacreseionem,
707 3506 763 3559 MS.
842 3507 852 3538 ⁴
871 3507 946 3573 inter]
967 3507 1078 3559 Omitted
1089 3504 1117 3558 in
1129 3508 1186 3559 MS.

293 3591 303 3622 ²
320 3589 472 3655 Mutinam]
492 3589 604 3639 Written
622 3573 721 3637 Mathia
736 3587 763 3637 in
842 3586 852 3616 ⁵
871 3587 1034 3652 instauravit]
1055 3588 1096 3639 On
1108 3604 1141 3639 an
1154 3603 1260 3639 erasure.

261 3670 304 3722 the
315 3677 378 3732 text,
390 3671 441 3720 and
453 3666 581 3718 Mutheruu
597 3668 624 3717 in
644 3668 686 3718 the
697 3683 763 3718 mar·
842 3665 853 3696 ⁶
869 3664 1019 3731 ampliauit.
1038 3704 1045 3718 .
1062 3704 1069 3718 .
1088 3669 1204 3735 instituit]
1219 3669 1310 3719 Added

260 3750 305 3816 gin
321 3751 409 3801 above.
808 3745 927 3811 inmarg.

293 3829 387 3879 ³Thia
415 3830 473 3880 date
495 3827 526 3878 of
549 3830 580 3878 27
604 3827 671 3877 Nor.
699 3830 762 3877 1247
842 3824 940 3876 ⁷me
952 3825 1327 3892 thewordandemqucnnro·

261 3908 414 3974 (reckcning
437 3910 503 3958 hom
530 3906 573 3958 the
602 3905 708 3957 electior
737 3905 768 3955 cs
801 3905 889 3969 stater
903 3904 1031 3955 Mattaeua
1048 3944 1054 3956 .
1072 3943 1079 3957 .
1097 3944 1104 3957 .
1122 3913 1149 3957 tc
1165 3907 1252 3971 nearly
1269 3906 1311 3956 the

261 4003 326 4051 pope
336 3986 578 4038 InnocentinJune
592 3989 670 4048 1243)
687 3985 764 4035 ianot
809 3986 858 4035 end
877 3985 908 4034 of
926 3985 969 4035 the
987 3984 1099 4050 chapter,
1117 4002 1133 4035 a
1151 3987 1197 4035 red
1214 3985 1267 4035 line
1288 3984 1312 4035 ia

262 4067 338 4131 given
360 4067 388 4116 in
411 4067 442 4117 B.
455 4066 484 4116 C.
517 4065 635 4116 Another
656 4079 722 4129 copy
738 4065 768 4113 οἰ
809 4065 897 4113 drawn
914 4063 1133 4129 perpendiculurly
1146 4064 1229 4114 inthe
1245 4079 1312 4115 mar·

262 4145 313 4195 thia
331 4147 404 4196 letter
420 4146 442 4195 ia
458 4144 559 4194 entered
578 4144 605 4192 in
625 4143 668 4193 the
686 4143 764 4194 hand·
809 4143 863 4208 gin,
874 4143 1027 4207 connecting
1038 4144 1081 4194 the
1092 4144 1209 4208 syllables
1226 4143 1256 4193 of
1268 4143 1310 4194 tha

262 4224 364 4290 vriting
386 4225 416 4274 of
434 4222 557 4274 Matthew
580 4223 653 4272 Paria
675 4222 701 4272 in
722 4223 765 4273 the
809 4225 892 4272 worda
914 4222 980 4272 “Ne
1001 4224 1167 4281 rare-tur?
1188 4225 1310 4289 probably

262 4311 278 4331 ¹⁶
291 4304 369 4354 Liber
395 4303 662 4360 Additamentorum,”
693 4303 764 4367 [MS.
809 4310 894 4352 meant
918 4303 952 4366 hy
975 4301 1017 4351 the
1039 4302 1130 4352 author
1153 4308 1179 4351 to
1200 4303 1310 4353 indicate

263 4384 330 4434 Cott
342 4381 410 4434 Nero
418 4380 592 4446 l).1.s.92l›,]
604 4382 649 4431 but
659 4381 766 4432 without
810 4381 866 4432 that
876 4383 928 4432 this
939 4383 1040 4446 portion
1052 4382 1142 4434 should
1158 4385 1189 4435 be
1205 4384 1310 4436 omitted

262 4461 327 4514 date.
810 4462 845 4527 by
857 4461 900 4512 the
913 4462 1025 4529 copyiats
1036 4462 1066 4513 ot*
1073 4463 1113 4514 his
1125 4465 1202 4516 work.
