3278 5610
369 777 414 843 98
493 784 660 837 narrum
683 781 897 837 ermannus
919 779 1086 832 ursroam
1108 778 1309 832 suesorum

202 1073 360 1126 A.1).1a⁵1.
439 1060 616 1128 Doma'saua
637 1081 697 1127 rer
712 1059 793 1148 fuit
814 1059 911 1145 aprtd
938 1058 1151 1126 Wintonr'um
1173 1057 1220 1123 ad
1242 1055 1364 1122 Notata

483 1161 640 1230 Domini.
686 1161 736 1227 Dc
760 1161 892 1228 tonitru
914 1159 1056 1227 humuli
1078 1158 1319 1246 intenpestiva

203 1303 293 1367 Henry
417 1294 517 1360 Anno
540 1293 677 1359 Domini
692 1307 879 1372 M0.cc⁰.n1⁰.‚
896 1294 955 1380 qui
978 1299 1028 1359 est
1053 1314 1161 1357 annus
1182 1292 1277 1377 regni
1299 1289 1426 1354 domini

203 1371 350 1487 {effisstm
371 1397 459 1483 regis
475 1395 614 1463 Henrici
637 1396 704 1462 III.
720 1385 895 1476 xxxuflruss,
918 1396 985 1460 fuit
1008 1395 1097 1461 idem
1125 1395 1279 1460 dominus
1301 1415 1361 1458 rex
1383 1392 1426 1457 ad

204 1500 317 1552 etwin-
372 1498 496 1564 Natnle
519 1497 656 1563 Domini
686 1499 775 1584 apud
798 1497 1014 1564 Wintoniam.
1061 1498 1106 1562 Et
1138 1497 1216 1583 quia
1242 1494 1335 1560 sedes
1357 1494 1425 1580 epi·

204 1568 310 1619 chatet.
371 1601 509 1687 scopulis
547 1601 698 1680 vacabat,
734 1603 769 1665 et
802 1598 845 1663 ad
880 1600 1017 1665 eandem
1055 1597 1298 1685 promovendus
1330 1595 1425 1662 eratl

203 1701 327 1817 322⁰&
371 1704 607 1784 AEthelmarus,
623 1703 730 1768 frater
752 1702 833 1788 ejus,
852 1702 1002 1768 cohibuit
1025 1723 1143 1768 manus
1166 1698 1265 1779 suas,z
1279 1721 1321 1764 ne
1338 1700 1427 1765 bona

204 1782 361 1898 girdffie
372 1806 572 1872 distraheret
594 1805 809 1893 episcopatus,
831 1809 872 1869 ut
901 1803 1051 1886 solebat3
1083 1810 1324 1884 verumtamen,
1348 1802 1427 1888 quia

204 1908 298 1951 ”⁰¹²¹st
311 1915 459 1995 neeagre
487 1907 669 1974 dediscitur
698 1928 786 1985 usus,
819 1909 948 1994 partem
980 1904 1160 1972 silvarum³
1182 1905 1338 1993 praecepit
1368 1904 1425 1968 ab·

372 2009 455 2075 scidi
493 2015 528 2075 et
561 2009 672 2090 vendi,
707 2014 743 2074 et
780 2008 858 2073 inde
890 2009 1063 2094 pecuniam
1101 2008 1217 2074 aerario
1251 2028 1310 2072 suo
1347 2004 1427 2070 addi

372 2111 653 2191 accumulandam,
676 2110 753 2177 licet
777 2111 860 2177 satis
882 2110 913 2175 ei
935 2109 1109 2190 diceretur,
1132 2108 1219 2196 quod
1243 2108 1428 2197 peregrina·

373 2213 459 2278 turis
481 2218 516 2279 et
540 2213 611 2279 Deo
634 2213 831 2279 militaturis
857 2212 935 2278 talis
957 2213 1076 2302 rapina
1106 2212 1296 2278 nullatenus
1319 2211 1427 2275 fuerat

373 2315 555 2402 profutura.

776 2505 1026 2572 Proaosta'caaa

207 2643 364 2694 Athunder·
420 2638 528 2704 Nocte
550 2644 663 2705 autem
686 2638 828 2719 Natalis,
852 2641 889 2704 in
919 2640 1061 2727 signum,
1085 2644 1125 2705 ut
1157 2640 1346 2718 timebatur,
1370 2640 1428 2706 irae

208 2717 349 2828 m
376 2740 522 2820 Domini,
561 2741 711 2806 tonitrua
747 2741 922 2807 horribilia
958 2743 1067 2819 nimis,
1104 2764 1162 2828 per
1204 2744 1427 2828 episcopatum

207 2844 344 2921 dayprog-
376 2843 538 2929 praecipne
560 2842 808 2909 Norwicensem
838 2850 873 2909 et
904 2844 1053 2924 confinia,
1083 2844 1274 2925 reboarunt,
1297 2844 1429 2910 chorus·

207 2917 345 3026 paccatas
376 2945 522 3011 cationes
560 2944 725 3011 terribiles
756 2945 970 3024 emicuenmt
1002 2951 1036 3012 et
1072 2945 1308 3033 intempestiva
1344 2947 1429 3011 aeris

376 3047 585 3135 perturbatio
608 3047 746 3113 auribus
768 3048 977 3114 audientium
1000 3052 1036 3114 et
1065 3049 1218 3115 cordibus
1241 3049 1429 3136 intelligen-

376 3150 463 3214 tium
486 3149 670 3215 maximum
693 3149 848 3215 timorem
871 3149 1010 3215 incussit
1033 3151 1157 3236 pariter
1186 3156 1220 3216 et
1254 3150 1429 3217 horrorem.

377 3250 606 3339 Dicebantque
644 3256 855 3339 augurantes,
894 3253 956 3318 hoc
993 3253 1029 3316 in
1071 3253 1167 3318 triste
1205 3253 1429 3340 pronosticum

376 3354 556 3420 secundum
580 3353 768 3442 plebeiam⁴
790 3353 977 3441 opinionem
1002 3353 1171 3420 evenisse.⁵
1263 3386 1268 3392 ·

378 3553 450 3621 Rae
472 3552 571 3620 solito
599 3555 741 3640 parcior
762 3554 893 3641 affectata
923 3555 967 3622 aba
1000 3553 1274 3622 cla'stribacnde'a⁰
1296 3555 1432 3644 festinis

460 3654 686 3722 inducentia
732 3656 918 3744 Fractusque
939 3663 985 3725 cst
1007 3679 1065 3724 rac
1087 3664 1221 3725 amator
1243 3658 1350 3727 aem

211 3797 253 3847 He
264 3797 339 3847 omia
424 3790 623 3877 Eisdemque
655 3791 770 3856 diebus
803 3792 958 3858 dominus
991 3814 1051 3858 rex
1083 3792 1124 3857 de
1155 3793 1432 3880 peregrinationis

211 3864 448 3996 {ivffioe'suae
470 3893 603 3959 viaticis
637 3893 798 3959 sollicitus
820 3899 855 3960 et
886 3895 984 3962 solito
1007 3895 1135 3982 parcior
1166 3895 1310 3976 effectus,
1332 3901 1432 3983 prout

414 4101 615 4168 ¹proaoaeadus
630 4102 699 4168 erat]
720 4102 761 4154 On
779 4118 813 4153 an
830 4118 885 4154 era·
963 4102 1187 4170 “distribuendiss
1234 4103 1432 4168 distribuendus,

383 4201 450 4237 sure.
931 4183 989 4235 MS.

414 4264 425 4296 ²
442 4279 527 4313 manus
537 4262 611 4327 suaa]
632 4262 672 4313 On
685 4278 717 4312 an
729 4276 837 4313 erasure.
963 4264 974 4300 ⁷
992 4263 1057 4314 This
1069 4263 1181 4328 chapter,
1193 4266 1244 4315 and
1260 4265 1304 4317 the
1320 4281 1369 4318 one
1385 4266 1433 4317 fol-

415 4343 425 4373 ³
435 4351 531 4407 portem
542 4341 671 4407 silvarum]
684 4342 884 4393 Onanerasure.
930 4343 1035 4408 leving,
1053 4358 1096 4393 are
1116 4343 1215 4394 written
1234 4359 1270 4394 on
1289 4359 1304 4394 a
1321 4345 1390 4409 pieoc
1407 4345 1437 4396 ol*

415 4421 425 4452 ⁴
440 4419 571 4485 plebeiam]
592 4421 714 4483 plebeam,
726 4421 783 4471 MS.
931 4423 1023 4472 vellum
1035 4423 1122 4486 pasted
1134 4423 1207 4472 down
1218 4438 1279 4473 over
1295 4423 1339 4474 the
1355 4424 1433 4490 origi-

415 4498 589 4549 ⁵recendum.
608 4538 613 4549 .
633 4501 789 4565 ..creniasd
804 4500 885 4550 Writ-
931 4503 972 4551 nal
998 4508 1063 4563 text,
1085 4501 1161 4552 much
1190 4504 1285 4563 erased,
1309 4504 1355 4553 but
1381 4503 1433 4554 still

383 4593 426 4638 ten
445 4593 479 4628 on
499 4593 515 4628 a
537 4578 608 4640 piere
628 4581 773 4630 alvellam
797 4580 884 4644 pastcd
930 4579 1032 4642 legion,
1062 4595 1090 4630 as
1117 4580 1234 4633 follows:
1265 4581 1375 4644 (Rubrio
1398 4591 1434 4631 to-

382 4671 444 4706 over
455 4671 488 4704 an
500 4670 610 4706 erasure.
931 4659 989 4722 tally
1017 4662 1122 4726 erased.)
1159 4660 1301 4725 Eodemque
1329 4661 1434 4711 celeber·
