3278 5610
280 811 283 820 ’
374 793 416 862 78
499 800 666 857 narrum
689 797 902 857 rimetusus
924 797 1087 855 ammius
1108 796 1310 853 arsuoauu.

205 989 274 1042 an.
288 992 361 1043 12⁵0.
372 938 491 1047 habuit
512 981 681 1062 familiam,
705 986 748 1059 at,
770 985 810 1046 ut
831 979 1117 1076 'archiepiscopum
1139 979 1259 1060 decuit,
1282 979 1422 1045 bonora-

372 1084 472 1150 bilem
494 1083 868 1171 comitatum,-rscepit
900 1082 943 1148 ab
977 1081 1045 1149 illis
1076 1082 1226 1164 ecelesiis,
1250 1103 1319 1149 nou
1352 1083 1422 1148 sine

371 1208 484 1254 earum
505 1186 698 1276 gravamine
720 1206 789 1251 non
811 1183 962 1251 modico.1

411 1443 567 1528 Qualiter
588 1443 864 1534 archiepiscopus
885 1442 1082 1510 maimedus
1102 1449 1253 1531 receptas
1275 1441 1321 1511 sit
1343 1441 1385 1508 ab

689 1546 841 1636 episcopo
863 1544 1107 1612 Lmadoac'caai.

205 1709 272 1760 now
283 1711 326 1762 the
418 1695 503 1763 Cum
536 1695 641 1784 igitur
671 1695 933 1782 archiepiscopus
966 1693 1214 1761 Oantuarlensis
1237 1693 1424 1760 Londonias

202 1780 360 1896 ζζξὲἰζθῗδν
373 1798 676 1886 appropinquasset,
710 1803 751 1863 ut
782 1797 949 1863 ecclesiam
984 1795 1100 1863 Sancti
1137 1792 1232 1862 Pauli
1269 1802 1304 1862 et
1341 1795 1424 1861 alias

203 1898 349 1977 thebishop'
374 1900 525 1966 ecclesias
555 1900 792 1988 religiosorum,
826 1920 901 1985 qum
937 1900 974 1964 in
1005 1899 1141 1965 civitate
1178 1898 1424 1964 Londoniarum

202 1978 355 2098 iim·
373 2008 461 2081 sunt,
483 2002 644 2085 visitaret,
668 2003 838 2090 episcopus
868 2002 1107 2068 Londoniensis
1130 2001 1240 2079 Fulco,
1271 2002 1325 2066 vir
1351 2001 1424 2087 qui-

374 2105 449 2173 dem
482 2105 637 2188 moribus,
666 2104 842 2171 literatura
871 2111 906 2172 et
943 2104 1105 2192 sanguine
1143 2103 1340 2191 spectabilis,
1370 2126 1423 2168 oc-

372 2208 476 2275 currit
502 2208 609 2274 eidam
640 2207 845 2286 adventanti,
869 2211 904 2271 et
935 2208 1023 2295 apud
1046 2199 1215 2285 Fulham,²
1238 2206 1423 2271 manerium

372 2331 477 2391 suum,
499 2309 589 2397 quod
621 2328 689 2375 uon
724 2309 866 2374 multum
899 2308 1004 2375 distat
1035 2306 1267 2390 aLondoniis,
1302 2307 1424 2374 ducens

374 2414 472 2491 euim,
495 2411 668 2500 splendide
700 2432 880 2498 serenoque
915 2411 1014 2477 vultu
1045 2412 1236 2498 procuravit
1266 2411 1425 2498 quicquid

373 2516 404 2581 ei
426 2515 647 2581 necessarium
669 2513 854 2580 videbatur.
900 2513 1036 2580 Necnon
1061 2513 1099 2579 in
1120 2512 1335 2593 munusculis,
1349 2532 1424 2601 qum

371 2617 473 2684 etiam
501 2618 628 2683 nobiles
661 2634 799 2683 munera
831 2633 907 2681 cara
928 2619 1083 2703 poterant
1105 2614 1293 2703 appellare,8
1314 2616 1423 2704 ipsum

372 2718 651 2808 archiepiscopum
673 2725 708 2785 et
730 2736 805 2786 suos
828 2716 971 2799 defluos,
987 2723 1023 2785 ct
1044 2719 1169 2785 milites
1190 2719 1424 2786 asservientes

206 2838 335 2892 sumam
372 2826 547 2909 gratanter
579 2821 724 2909 respexit
753 2842 792 2886 ac
814 2819 976 2888 munifice.
1022 2820 1105 2902 Quae
1127 2821 1239 2888 omnia
1261 2844 1335 2888 cum
1358 2842 1424 2888 scr-

204 2907 355 3039 {ffifff
373 2924 502 2990 vientes
523 2942 592 2989 nou
613 2922 740 2989 nobiles
762 2922 821 2989 sed
842 2923 997 3011 vulgares
1019 2920 1254 3011 archiepiscopi
1283 2924 1425 3011 obliquis

205 3049 327 3093 servans
373 3027 475 3093 oculis
506 3027 716 3114 ingratanter
746 3026 977 3114 respexissent,
1001 3027 1158 3092 dixerunt
1189 3027 1261 3092 haec
1293 3025 1424 3093 nonde

372 3131 489 3217 gratia,
506 3128 563 3194 sed
586 3128 699 3194 debito
722 3132 756 3193 et
777 3128 931 3194 uberiora
945 3128 1010 3193 sibi
1024 3128 1218 3195 exhibenda.
1250 3129 1425 3196 Nesciante

373 3231 478 3318 igitur
500 3230 634 3297 domino
656 3251 716 3296 suc
737 3230 989 3319 archiepiscopo,
1013 3235 1112 3318 prout
1144 3230 1342 3297 credendum
1365 3238 1424 3312 est,

372 3332 520 3399 fecerunt
541 3333 644 3399 ferros
666 3354 687 3397 a
708 3353 844 3398 suorum
866 3354 1025 3419 equorum
1046 3331 1194 3419 pedibus,
1210 3332 1289 3398 licet
1310 3334 1423 3413 bonos,

373 3436 482 3514 avelli,
506 3457 676 3521 novosque
698 3434 912 3522 apponendos
934 3434 999 3499 sibi
1021 3434 1245 3500 incontinenti
1267 3435 1424 3516 exhiberi,

373 3537 612 3604 comminantes
652 3541 687 3603 et
717 3535 866 3623 improbe
904 3535 1155 3602 tumultuantes.
1216 3535 1317 3602 Unde
1353 3542 1424 3603 tam

373 3639 521 3706 canonici
542 3637 657 3704 Sancti
679 3634 777 3702 Pauli
810 3645 844 3704 et
866 3635 924 3702 alii
946 3638 988 3705 de
1010 3636 1147 3704 civitate
1170 3634 1425 3721 londoniarum,

372 3762 473 3830 qnam
504 3740 573 3828 ipse
607 3740 787 3826 episcopus,
810 3739 935 3805 talibus
966 3741 1111 3826 angariis
1143 3740 1298 3807 adhibere
1321 3765 1425 3810 reme·

373 3846 429 3910 dia
462 3846 688 3933 procurarsmt,
713 3841 867 3907 videntes
890 3842 979 3927 quod
1010 3843 1084 3930 plus
1116 3866 1175 3930 pro
1209 3845 1426 3933 oppressioni·

372 3945 435 4012 bue
450 3967 549 4033 quam
571 3966 699 4010 moram
720 3942 1012 4010 reformationibus
1034 3943 1112 4010 talis
1134 3946 1237 4026 fieret,
1253 3952 1294 4013 ut
1317 3972 1425 4017 cense-

372 4049 463 4128 bant,
485 4045 643 4114 visitatio.

377 4220 642 4229 -.....-.———-—·
653 4220 672 4225 -
682 4221 700 4224 --
717 4220 772 4225 ---·
782 4219 970 4226 ..μ-’-
986 4220 1042 4226 --
1054 4222 1092 4226 -.-.
1101 4221 1158 4226 ..--

407 4313 536 4379 1ηιοιὶἰοο]
571 4312 678 4371 medico,
707 4311 765 4361 MS.
816 4310 873 4361 The
920 4311 1118 4363 beeuaddedin
1131 4312 1424 4381 arnaginensem

374 4392 456 4442 whole
476 4407 590 4457 passage,
611 4391 676 4441 from
694 4389 736 4438 abi
751 4406 873 4455 procura·
920 4391 1159 4451 crased,butvbicb
1170 4409 1219 4444 can
1229 4397 1262 4446 be
1272 4397 1425 4462 deaiphcrssl

375 4473 450 4520 fiores
468 4479 495 4520 to
519 4471 618 4532 modico,
637 4470 660 4521 is
671 4470 771 4520 written
789 4485 821 4520 on
840 4485 873 4519 an
919 4485 947 4519 as
969 4470 1085 4520 follow
1113 4469 1200 4522 Sciens
1231 4491 1266 4536 se,
1294 4485 1424 4541 aspoesasc

374 4563 482 4601 erasure.
1255 4555 1260 4565 “
1381 4559 1387 4569 “

375 4722 529 4760 ancnsurc.
563 4705 874 4759 Somavmdaalsohave
952 4704 1119 4772 ³cppellure]
1139 4711 1316 4774 spelnvdls.
