3278 5610
470 792 517 841 nu
538 791 698 843 rauroun
720 792 821 842 aneis
842 792 1024 844 ienensis.
1207 781 1270 845 2³5

61 968 165 1023 Ibidii.
227 963 351 1020 articulo
479 964 569 1020 immo
604 964 702 1036 potius
733 981 827 1035 usque
858 963 896 1021 ad
931 971 1055 1020 mortem
1086 1003 1151 1022 ...
1190 982 1272 1021 suam
1285 969 1355 1028 AD.
1369 977 1440 1027 lale.

64 1041 117 1087 177.
227 1054 346 1112 metm,
365 1048 413 1103 vel
431 1065 591 1119 paucorum
610 1048 794 1104 adulatorum
812 1065 994 1113 eonsensum,
1015 1065 1141 1118 regnum
1159 1049 1272 1105 valeat¹

118 1189 122 1197 ,
227 1131 275 1186 vel
310 1131 508 1204 principatum
538 1148 625 1189 snum
655 1132 725 1188 dare
754 1131 802 1188 vel
836 1132 1027 1188 tributarium
1056 1133 1163 1197 faeere,
1195 1133 1272 1187 unde

227 1214 339 1272 nobiles
363 1215 448 1286 regni
472 1216 550 1272 servi
578 1215 748 1280 efficiantur,
777 1216 924 1287 praecipue
944 1257 951 1272 .
973 1256 980 1272 .
1003 1215 1156 1286 ,alicujus
1181 1217 1272 1272 eccle·

228 1298 354 1356 siasticae
366 1316 509 1370 persona.
547 1298 624 1368 Quid
642 1299 680 1357 ad
696 1299 770 1355 tales
785 1340 792 1356 .
808 1341 815 1354 .
831 1340 838 1354 .
855 1299 1199 1371 ‚vestigiasequentes”
1235 1300 1275 1359 Et

227 1389 379 1453 eoeperunt
407 1400 488 1438 more
516 1401 569 1439 suo
597 1382 703 1439 Gallici
733 1383 914 1439 horribiliter
940 1382 1068 1454 jurando
1092 1384 1272 1440 comminari.

229 1466 406 1539 Supervenit
424 1485 459 1522 cx
477 1467 623 1524 industria
641 1507 741 1526 .....
755 1467 932 1539 impediatis.
960 1467 1091 1540 Impium
1108 1475 1188 1525 esset
1208 1510 1214 1523 .
1236 1510 1242 1525 .
1265 1509 1272 1525 .

228 1550 363 1606 libertate
381 1550 498 1622 Anglias
517 1550 698 1607 decertantes
721 1551 831 1622 patulis
858 1550 983 1607 rictibus
1007 1553 1145 1624 luporum
1163 1552 1275 1624 exposa

228 1641 274 1691 tos
301 1634 514 1707 derelinquere,
536 1676 543 1692 .
565 1676 572 1691 .
594 1675 600 1690 .
621 1632 770 1692 dominum
789 1635 954 1706 elegerint,²
973 1641 1003 1692 et
1032 1636 1273 1697 consolatorem.”

230 1719 286 1774 Oui
312 1726 403 1790 pater,
426 1719 518 1776 “Nec
541 1725 571 1775 te
596 1719 724 1790 impedio
744 1719 792 1775 vel
818 1720 1005 1792 promoveo.”
1042 1720 1124 1776 Tune
1150 1721 1273 1777 recessit
1287 1733 1437 1798 Thelegate

229 1802 346 1873 legatus
365 1803 517 1868 momulus.
537 1808 568 1858 et
586 1802 692 1858 timens
715 1820 752 1858 ne
771 1803 799 1858 ei
824 1804 856 1858 in
873 1821 993 1874 corpore
1019 1804 1133 1875 aliquid
1160 1805 1272 1861 sinistri
1286 1800 1369 1853 leave·

148 1928 153 1938 .
230 1887 369 1951 eveniret,
397 1887 435 1946 ad
460 1904 540 1943 mare
563 1885 681 1957 Angue
707 1887 838 1942 clanculo
863 1887 1054 1959 properando.
1099 1887 1272 1945 Ludewious
1286 1867 1392 1956 ΨΜ·

231 1976 336 2034 eutem,
368 1976 544 2041 congregate
575 1971 714 2028 comitatu
743 1971 869 2042 copioso,
898 1971 1049 2027 festinavit
1078 1971 1109 2028 iu
1132 1971 1273 2043 Angliam
1287 1944 1427 2062 fflffem·

231 2053 370 2109 veniendo
388 2054 518 2126 legatum
537 2054 710 2127 prevenire,
730 2059 761 2109 ct
783 2055 815 2109 in
839 2060 926 2127 portu
952 2054 989 2110 de
1008 2055 1125 2111 Gelasio
1143 2062 1273 2111 secentas
1287 2078 1400 2130 baffi„

230 2156 318 2194 naves
337 2142 367 2193 et
384 2144 489 2210 quater
503 2156 549 2193 xx.
564 2156 653 2209 cogas
671 2144 801 2210 prorutas
819 2139 934 2194 invenit
951 2145 982 2194 et
992 2138 1066 2194 bene
1083 2145 1272 2212 praeparatas,
1288 2142 1379 2195 Calais.

230 2239 302 2292 quas
320 2221 496 2284 Eustochiae
514 2222 675 2278 Monachus
693 2228 795 2277 contra
814 2222 972 2279 adventum
990 2222 1142 2279 Ludovrici
1165 2224 1274 2280 ibidem

229 2312 467 2376 congregaverat.
499 2305 642 2377 Misitque
661 2305 834 2362 Ludowicua
852 2306 985 2370 Romam,
1005 2312 1040 2362 ut
1056 2325 1110 2378 pro
1124 2307 1193 2378 jure
1211 2325 1273 2373 suo,
1288 2316 1328 2366 He
1336 2318 1445 2366 senato

229 2389 307 2459 quod
336 2390 472 2445 credebat
502 2390 609 2446 habere
640 2390 670 2446 iu
695 2388 815 2461 Anglia,
842 2390 879 2445 de
909 2391 973 2462 ipso
1003 2408 1095 2461 regno
1122 2391 1275 2448 efficaciter
1288 2383 1407 2461 R⁰¹¹¹e¹9

228 2490 326 2530 coram
344 2492 421 2545 papa
438 2474 611 2544 allegarent.
646 2473 836 2529 Ludouuieus
854 2491 925 2530 vero
944 2479 975 2530 ct
987 2475 1039 2546 qui
1051 2493 1118 2532 cum
1130 2493 1165 2531 eo
1183 2481 1273 2540 erant,
1288 2449 1413 2565 ξιιθὲῗίἱω

229 2557 417 2613 ascendentes
440 2575 541 2622 naves,
561 2575 626 2613 sese
653 2557 791 2628 Neptuno
816 2558 1036 2613 commiserunt.
1080 2559 1154 2614 Erat
1178 2564 1275 2615 autem
1288 2531 1410 2648 gffghng

229 2645 299 2696 tunc
325 2641 466 2711 temperis
495 2659 547 2696 rex
577 2641 597 2696 J
600 2638 752 2711 [ohannes]
776 2682 782 2695 .
805 2682 811 2697 .
833 2682 840 2696 .
864 2641 916 2696 sed
942 2642 1088 2713 queniam,
1117 2647 1151 2697 ut
1181 2641 1276 2697 eidem

84 2739 90 2762 ⁴
114 2750 121 2764 ·
230 2722 391 2787 dicebatur,
419 2723 593 2795 alienigenis
625 2765 632 2779 .
660 2765 666 2780 .
698 2765 704 2778 .
735 2723 873 2790 vallatus,
893 2730 923 2779 et
953 2742 1074 2780 snorum
1098 2725 1278 2782 naturalium

230 2807 381 2863 bominum
393 2808 527 2879 privatus
539 2808 684 2871 extiterat,
698 2808 854 2865 Ludowico
869 2808 933 2879 jam
945 2808 1105 2880 applicanti
1119 2851 1125 2866 .
1141 2851 1148 2866 .
1165 2851 1171 2866 .
1185 2817 1279 2866 trans

231 2891 347 2955 marini,
368 2908 403 2945 eo
424 2890 537 2956 relicto,
557 2892 594 2946 ad
612 2891 810 2956 Ludowieum,
830 2892 1093 2948 transmarinorum
1117 2893 1275 2958 dominnm,

232 2992 296 3030 sese
315 2974 517 3030 transferrent.
554 2975 639 3031 Unde
657 2975 811 3046 praelegit
824 3015 924 3032 .....
937 2981 1077 3047 tanquam
1095 2977 1275 3040 fidelissime,

231 3059 324 3113 tutius
337 3058 515 3124 confidebat;
534 3076 588 3114 nec
600 3059 728 3114 cessavit
743 3059 851 3130 raptim
869 3059 981 3131 lugere,
996 3060 1087 3117 donee
1099 3061 1277 3117 Wintoniam

231 3143 414 3215 pervenisset
431 3142 604 3199 Ludovvieus
622 3160 692 3198 vero
712 3183 718 3197 .
740 3183 747 3198 .
770 3184 777 3197 .
799 3184 806 3199 .
825 3149 933 3214 praeter
951 3142 1118 3200 Doverense
1137 3150 1275 3210 castrum,

231 3228 364 3281 insuam
385 3268 392 3282 .
414 3267 421 3282 .
443 3267 450 3282 .
470 3226 585 3297 ingenti
603 3226 733 3282 omniurn
756 3226 899 3282 baronum
919 3226 1050 3297 tripudio
1068 3233 1114 3283 est
1130 3233 1274 3302 receptus.

232 3310 375 3382 (lepitque
394 3311 531 3379 homagia
549 3351 557 3364 .
579 3350 585 3366 .
607 3350 615 3367 .
636 3310 773 3382 quicum
796 3309 838 3364 ibi
862 3316 1091 3382 expectaverant.
1128 3312 1185 3366 Ille
1206 3329 1277 3367 vero

233 3435 409 3450 .......
423 3394 554 3466 partium
565 3393 737 3457 borealium,
752 3393 824 3465 qui.
846 3434 853 3448 .
875 3435 882 3448 .
904 3434 912 3449 .
933 3433 941 3452 .
962 3434 970 3449 .
992 3394 1099 3450 .multi
1116 3395 1274 3468 praelecti,

232 3496 334 3551 regem
347 3479 366 3533 J
369 3475 538 3550 [ohannem]
555 3519 561 3532 .
578 3518 584 3533 .
601 3519 607 3534 .
623 3477 776 3550 optineret.
812 3477 993 3549 Magistrum
1007 3485 1103 3534 autem
1119 3480 1276 3552 Symonem
1289 3487 1375 3538 Simon
1387 3490 1419 3538 de

231 3566 267 3620 de
286 3565 467 3634 Langctuna,
481 3580 575 3634 nuper
592 3579 645 3633 per
663 3580 765 3633 regem
782 3561 949 3632 Anglorum
966 3568 1113 3618 cassatum
1130 3568 1161 3619 et
1178 3563 1214 3618 ab
1233 3582 1277 3619 ar·
1289 3556 1435 3620 1¹²⁰ll⁰²⁰¹¹0

230 3649 415 3722 cbiepisoopo
427 3647 604 3704 Eboracensi
616 3648 777 3719 repulsum,
791 3647 944 3704 constituit
955 3646 1162 3703 cancellarium
1173 3666 1275 3714 suum;
1289 3623 1444 3738 mffecflffan'

232 3734 283 3804 qui
313 3733 471 3789 Londoniis
501 3748 693 3795 commorans,
723 3749 781 3786 non
813 3731 991 3794 fratrissans,
1024 3729 1076 3785 sed
1108 3733 1224 3802 penitus
1260 3703 1410 3805 amp

230 3817 367 3887 vestigiis
396 3817 498 3872 fratria
534 3816 580 3872 sui
610 3815 822 3887 archiepiscopi
853 3813 1072 3870 Cantuariensis
1102 3814 1276 3881 exorbitans,

231 3901 299 3972 plus
318 3900 402 3955 savit
421 3900 453 3955 in
470 3899 612 3971 Anglicos
640 3916 728 3970 quam
753 3898 789 3954 de
816 3914 907 3968 regno
924 3895 1042 3969 Angliae
1067 3897 1207 3954 oriundus
1229 3899 1277 3953 vel

232 3984 322 4039 etiam
351 3983 462 4039 advena
487 3982 524 4039 de
551 3983 658 4038 exteris
687 3981 858 4053 regionibus
888 3986 1067 4052 procreatus.
1104 3981 1278 4038 [ludowicus

232 4066 322 4122 etiam
351 4066 528 4131 discurrens,
559 4083 675 4121 omnem
704 4065 960 4135 circumjacentem
987 4104 994 4124 .
1024 4104 1032 4121 .
1062 4105 1070 4121 .
1096 4065 1276 4137 subjugavit,

233 4156 330 4223 partes
356 4149 469 4205 scilieet
494 4150 638 4205 australes
663 4154 693 4203 at
717 4147 882 4203 orientales.
920 4146 983 4202 Rex
1007 4153 1106 4204 autem
1125 4148 1278 4205 Scotorum

235 4277 242 4291 .
264 4276 271 4290 .
293 4276 300 4290 .
322 4274 329 4290 .
349 4233 551 4290 defendebant.
600 4230 685 4287 Walo
709 4230 821 4286 interea
838 4231 955 4301 legatus
974 4230 1006 4285 in
1023 4233 1278 4304 procurationibus
1290 4238 1427 4292 Exactions

234 4318 296 4373 suis
315 4323 345 4373 et
369 4317 537 4373 reddituum
561 4314 672 4385 rapinis
691 4332 759 4369 suos
777 4320 807 4369 et
825 4331 897 4385 quos
915 4312 1010 4368 voluit
1033 4312 1147 4381 ditavit,
1167 4323 1278 4373 metens
1290 4305 1369 4355 (ΜΝ

235 4402 312 4474 quod
330 4421 387 4457 non
405 4400 568 4456 seminavit.
605 4397 762 4453 Obsidetur
788 4399 900 4452 interea
918 4401 1047 4452 cosmum
1065 4398 1233 4456 Dovcrense
1261 4371 1407 4503 al‘ffif'of

239 4560 404 4568 —--—--‚„
412 4560 421 4563 ,
444 4560 453 4563 ,,
589 4556 676 4561 ....-
844 4555 924 4561 ›--

390 4646 397 4677 ¹
416 4643 510 4709 calcat]
529 4643 656 4707 &aaut
666 4641 730 4692 aster
739 4640 808 4691 dm·

391 4724 400 4757 r
418 4722 545 4790 me]
565 4722 621 4774 'l'be
631 4721 687 4772 tlrst
696 4728 746 4772 tvo
757 4721 875 4786 syllables
886 4722 951 4776 bave
962 4724 1024 4777 beau
1035 4728 1127 4778 med
