3278 5610
281 784 330 835 nn
349 781 510 833 rnuroan
532 782 634 833 neers
656 781 812 842 amaru,
835 780 902 831 vrz.
925 780 1048 829 raarn.
1145 762 1186 832 27

139 958 290 1031 flexibile.
329 954 472 1044 Capilli,1
487 956 558 1041 ejus
573 961 607 1023 et
621 955 857 1022 vestimentum
872 955 1069 1021 inviolatum
1084 954 1189 1022 colore
1201 962 1270 1017 Am.
1284 968 1356 1017 ιω.

140 1068 174 1128 et
191 1060 387 1127 substantia.
432 1058 487 1136 Et,
510 1081 586 1124 cum
609 1059 732 1126 vellent
757 1058 909 1125 monachi
926 1057 1190 1127 Pontiniacenses

140 1164 283 1252 aliquam
306 1169 435 1250 partem
458 1163 541 1227 sacri
563 1162 706 1248 corporis
728 1162 799 1248 regi
825 1161 901 1225 dare
928 1161 1188 1239 transfretaturo,

139 1266 306 1353 respondit
328 1286 396 1345 rex,
421 1264 530 1328 “Non
545 1264 672 1350 placeat
696 1264 838 1345 Christe,
857 1269 895 1328 ut
910 1264 1000 1348 quod
1022 1263 1189 1348 integrum

140 1372 235 1435 tanto
270 1372 418 1454 tempore
452 1367 635 1432 reservavit
672 1367 772 1443 Deus,
802 1387 860 1452 per
894 1385 946 1429 me
987 1370 1189 1452 peccatorem

141 1470 249 1557 aliquo
286 1470 383 1535 modo
411 1466 608 1535 mutiletur.2
669 1467 751 1548 Quae
782 1471 893 1532 autem
925 1469 1012 1532 circa
1050 1468 1188 1533 eandem

141 1570 391 1643 translationem
423 1571 511 1636 facta
548 1576 634 1649 sunt,
680 1571 758 1657 quia
788 1570 961 1656 specialem
1008 1575 1187 1637 tractatum

141 1674 289 1763 exigunt,
320 1674 355 1739 in
377 1673 471 1739 libris
494 1669 697 1741 multorum³
720 1671 850 1759 plenius
873 1677 1082 1741 annotantur.

228 1908 279 1974 De
300 1914 445 1974 masura
466 1913 615 1985 mcuctcu
639 1914 669 1971 ct
692 1906 843 1992 ejusdcm
873 1908 1097 1976 reiteratione.

185 2066 312 2133 Eodem
356 2071 503 2154 tempore
549 2071 680 2131 moneta
717 2064 911 2153 Anglicana‚
959 2072 1093 2155 propter
1137 2068 1352 2134 suinesignfor

142 2170 314 2239 materiam
337 2168 595 2247 desiderabilem,
618 2167 808 2233 detestabili
831 2171 1073 2238 circumcisione
1102 2171 1190 2237 into.
1204 2151 1320 2269 leidiga,
1332 2209 1359 2255 ω

141 2270 323 2339 larabiliter
345 2271 447 2359 coepit
470 2269 662 2339 deteriorari
674 2294 683 2351 ;
705 2270 793 2336 unde
817 2274 920 2362 coepit
949 2273 1102 2345 dominus
1132 2297 1192 2341 rax
1203 2272 1359 2349 preventus

141 2372 182 2439 de
215 2373 359 2445 remedio
390 2373 543 2461 cogitare.
589 2371 734 2439 Inventa
767 2379 818 2438 est
849 2375 951 2463 igitur
985 2377 1064 2443 novi
1096 2337 1363 2457 cuneill¹lil¹li⁰‘

140 2474 320 2563 impressio,
345 2476 468 2542 scilicet
490 2475 576 2557 talis,
601 2480 649 2553 ut,
665 2480 822 2541 manente
837 2479 976 2543 materia
989 2485 1023 2545 et
1038 2480 1189 2571 pondere,

140 2578 244 2645 crucis
264 2577 400 2643 brachia
414 2576 558 2666 duplicia
573 2576 857 2644 extenderentur.⁴
901 2579 943 2644 In
957 2581 1049 2667 cujus
1065 2581 1191 2647 denarii

175 2770 185 2803 ¹
205 2769 313 2839 eaptus]
328 2770 427 2835 Capll’i,
441 2768 499 2820 MS.
663 2774 666 2837 ξ
687 2771 862 2822 translationis
879 2774 933 2837 ejus
950 2774 1062 2841 insignia
1079 2777 1191 2827 recolen-

174 2850 187 2885 ¹
203 2850 251 2915 Et,
262 2867 317 2901 crta
328 2849 413 2901 velim
432 2887 439 2900 .
457 2887 463 2900 .
481 2885 488 2899 .
506 2847 641 2913 mutiletur]
688 2855 733 2911 tea,
745 2858 795 2901 tuae
808 2852 927 2902 conciliet
937 2854 1071 2916 maiestati,
1082 2871 1134 2919 per.

144 2931 367 2995 Afflinmg.
664 2978 667 3003 Ι
722 2927 785 2979 Post
801 2946 859 2980 eom.
879 2932 982 2994 Divina,
992 2933 1103 2985 Domine
1112 2935 1189 2997 Deua,

175 3008 230 3061 'ia
240 3008 311 3061 utra
321 3007 460 3075 aalma]
481 3008 522 3061 On
540 3024 573 3058 an
589 3023 642 3058 era·
689 3024 745 3072 qua
757 3009 789 3058 ob
800 3011 989 3063 translationem
1005 3013 1189 3083 beatipontifi-

146 3106 210 3151 aare,
220 3091 273 3141 and
284 3089 422 3156 originally
433 3087 533 3138 written
547 3089 572 3135 in
585 3086 645 3136 libro
689 3087 727 3136 cis
743 3088 781 3137 tui
798 3088 928 3139 Edmundi
944 3091 1106 3155 supplicando
1122 3093 1188 3147 liba·

145 3168 376 3229 mmmmm,
391 3184 418 3218 aa
437 3168 465 3218 ln
483 3169 513 3217 B.
527 3167 555 3218 C.
590 3166 645 3216 The
665 3204 668 3229 ,
689 3167 780 3226 vimus,
792 3175 817 3216 et
834 3167 901 3217 vivis
917 3170 1016 3232 prosint
1033 3173 1064 3220 ad
1081 3173 1190 3235 veniam,

145 3247 221 3299 mail
232 3247 255 3297 la
266 3248 367 3312 printed
376 3247 404 3297 ln
415 3247 543 3304 edWate,
553 3262 577 3309 p.
590 3251 645 3305 161,
689 3253 715 3295 et
733 3247 860 3297 defunctis
878 3247 996 3298 fidelibus
1014 3250 1047 3298 ad
1066 3251 1188 3314 levamen,

146 3326 644 3381 mtta“LiberAdditamentorum‘’
690 3340 735 3390 per
776 3326 918 3377 Dominum
953 3336 1067 3380 neruum
1100 3330 1190 3385 Jesum

149 3406 219 3473 [MS.
230 3406 298 3459 Cott-
310 3406 378 3457 Nero
389 3407 423 3457 D.
435 3405 579 3469 1.fol.91].
613 3404 645 3453 In
691 3404 842 3457 Christum’'

147 3486 190 3537 the
200 3487 277 3537 lower
286 3485 384 3549 margin
397 3484 418 3534 is
428 3484 527 3534 written
539 3484 592 3532 also
604 3483 645 3534 the
666 3530 668 3537 ,
723 3484 733 3513 ⁴
751 3484 781 3533 In
798 3484 841 3533 the
857 3484 954 3551 margin
971 3485 995 3535 is
1007 3502 1023 3537 a
1035 3487 1148 3553 drawing
1165 3490 1195 3539 of

145 3564 276 3629 auwmg
293 3563 414 3626 addition,
431 3563 459 3612 in
474 3562 602 3613 reference
619 3569 646 3612 to
665 3540 669 3619 l
691 3563 734 3613 the
745 3565 849 3615 obverse
860 3564 888 3614 of
897 3564 940 3614 the
952 3581 1007 3615 new
1019 3567 1085 3630 coin,
1096 3572 1146 3620 and
1155 3571 1190 3636 by

148 3643 200 3695 thie
210 3641 390 3693 Tranalmion:
666 3640 669 3671 ¹
690 3644 733 3693 the
753 3643 808 3694 aide
827 3643 850 3695 ls
867 3643 967 3715 written
987 3647 1014 3696 in
1033 3651 1078 3699 red
1098 3650 1191 3713 lettera,

690 3723 830 3788 “Mitem
842 3723 939 3773 denarii
948 3742 1010 3790 para
1017 3729 1192 3791 pristincmre·

691 3803 750 3852 tinet
762 3804 963 3867 impressionem.”
997 3806 1029 3854 ln
1041 3807 1071 3858 B.
1081 3809 1124 3860 the
1133 3813 1191 3861 coin

692 3881 713 3930 ie
735 3883 825 3946 rudely
845 3883 940 3946 drawn,
958 3885 1065 3937 without
1087 3889 1192 3954 inscrip-

667 3972 670 4007 ι
692 3960 754 4021 tion,
767 3963 817 4010 and
833 3976 861 4010 so
878 3962 931 4012 also
948 3963 976 4011 in
994 3965 1038 4015 the
1059 3967 1192 4018 Chronicle

180 4034 282 4101 Augeat
299 4036 327 4087 in
340 4037 422 4096 nobie,
435 4051 577 4100 quesumus
593 4036 646 4086 Do-
667 4010 670 4081 l
691 4040 744 4090 οἰδ
746 4040 831 4090 ohnol
837 4041 954 4102 Ornede‚
963 4058 987 4107 p.
998 4049 1054 4105 160,
1060 4047 1110 4095 and
1117 4048 1142 4096 in
1149 4048 1192 4098 the

149 4114 224 4175 mine,
246 4113 314 4165 beati
335 4115 484 4165 confessoris
506 4117 544 4166 tui
572 4122 647 4179 atque
692 4119 816 4170 Chetham
827 4120 883 4171 MS.
893 4122 923 4170 of
927 4122 970 4171 the
981 4127 997 4150 “
1005 4123 1095 4174 Floret
1105 4127 1192 4176 Histo·

149 4194 275 4258 pontificia
292 4194 420 4245 Edmundi
440 4195 571 4245 translatio
593 4196 647 4260 glo·
691 4198 807 4249 riarum.''
835 4199 867 4249 In
878 4200 1086 4254 C.itieomitted.
1119 4205 1150 4252 ln
1161 4206 1192 4255 n.

149 4272 215 4324 ricta
225 4280 319 4324 uncta
331 4274 472 4324 devotionis
483 4274 610 4335 affectum,
620 4282 648 4323 ut
693 4278 735 4327 the
745 4277 803 4327 coin
815 4277 838 4327 ia
847 4278 1063 4345 againcopiedby
1072 4280 1193 4333 Matthew

150 4353 217 4417 quod
226 4352 316 4403 devote
327 4351 442 4416 petimus,
455 4353 486 4402 de
498 4360 542 4402 tua
556 4354 647 4417 pietate
692 4355 870 4417 Paris,butthe
880 4357 1191 4429 inscriptioniscnrelessly

150 4432 238 4483 antri
249 4432 355 4483 celerius
366 4432 536 4497 impetramus,
548 4448 600 4496 per.
692 4435 768 4501 giren
780 4433 846 4491 thus,
858 4449 904 4483 nor
923 4449 974 4484 nos
986 4451 1108 4488 noroar.
1137 4441 1193 4492 Itis

185 4507 241 4566 δεῖ.
270 4513 369 4575 Oblata,
398 4513 516 4575 Domine,
545 4519 648 4564 sanctus
693 4514 857 4574 remarkable,
866 4514 921 4564 that
930 4516 958 4564 in
971 4516 1013 4566 the
1025 4518 1160 4572 Chroniele
1168 4525 1198 4573 os

150 4594 265 4657 pontifex
281 4599 339 4643 tuna
358 4593 507 4642 Edmundue
525 4591 580 4643 lraec
598 4601 648 4642 tuae
693 4594 764 4645 John
784 4594 813 4642 of
829 4593 1008 4660 wallingford,
1030 4597 1126 4660 (which
1144 4619 1194 4653 was

148 4673 236 4738 pietati
268 4674 427 4724 commendat
459 4671 590 4734 libamina,
623 4681 649 4724 et
694 4673 815 4739 abridged
831 4674 895 4724 dom
908 4674 952 4726 the
969 4677 1194 4743 largerchroniole

150 3780 165 3803 ‘⁴
176 3772 362 3839 Compceitaquc
372 3781 431 3823 eunt
445 3772 496 3823 lraec
507 3773 542 3823 ad
551 3775 646 3823 meacm

212 3852 318 3903 dicenda
329 3855 354 3901 ia
367 3852 432 3903 beati
449 3852 576 3902 Edmundi
591 3870 646 3901 con·

205 3933 313 3997 saecri·
324 3931 489 3983 camurana.
