3278 5610
365 697 429 763 312
452 708 619 760 narrum
640 707 850 758 emisimus
870 705 1102 756 ARBREVIATIO
1123 703 1398 756 caaomcoanu

202 889 270 941 AD·
284 894 355 939 1250.
366 889 529 962 Episcopus
553 888 765 946 [lincolniensis
792 929 972 943 .......
992 893 1026 942 ut
1050 884 1179 941 omnium
1204 885 1423 958 religiosorum
1433 879 1564 934 mita.

367 992 420 1046 per
439 1015 580 1030 .......
600 975 749 1040 effusione,
763 981 794 1030 et
812 974 858 1030 sui
876 973 977 1029 senilis
996 972 1124 1045 corporis
1142 971 1309 1034 vexatione,
1324 969 1421 1040 impe-

368 1066 505 1126 traverat,
537 1060 589 1116 sed
624 1061 758 1125 inaniter,
789 1066 823 1116 nt
858 1061 902 1115 rei
938 1059 1033 1114 exitus
1063 1056 1277 1130 comprobabat.
1335 1053 1422 1124 Papa

202 1148 264 1226 Farl
371 1188 377 1200 .
400 1187 406 1199 .
434 1187 440 1199 .
467 1144 655 1217 dispensavit.
692 1146 796 1202 (lomes
823 1144 985 1201 Ricardus¹
1012 1162 1080 1199 cum
1106 1143 1232 1198 maxima
1259 1138 1360 1212 gloria
1388 1141 1421 1191 et

201 1216 312 1265 R¹⁰h⁸ffi
369 1231 478 1285 honore
503 1232 712 1296 transfretavit,
740 1236 777 1295 et,
805 1233 961 1285 comitante
988 1230 1127 1294 Henrico,
1153 1227 1214 1281 filio
1235 1242 1289 1280 suo
1307 1222 1421 1294 primo-

202 1298 304 1408 ξξξξω,
370 1316 478 1386 genito,
499 1321 529 1370 a
547 1316 659 1371 ramira
676 1316 776 1380 mula,
796 1316 884 1370 nimis
911 1315 1052 1386 regaliter
1070 1313 1100 1368 in
1124 1312 1208 1382 equis
1234 1302 1420 1381 petrense

203 1416 285 1465 andi,
370 1405 400 1454 et
412 1401 572 1457 carissimis
584 1402 768 1457 vestimentis
787 1402 935 1464 adornata,
949 1400 1103 1454 Franciam
1116 1395 1317 1471 pertransiens
1336 1391 1420 1460 Lug·

202 1480 359 1560 hcncurably
370 1483 480 1539 dunum
492 1486 635 1556 pervenit,
655 1485 706 1540 ubi
724 1492 794 1541 tunc
812 1503 886 1556 papa
904 1484 1080 1540 morabatur.
1116 1483 1155 1536 Et
1165 1481 1295 1537 venienti
1314 1491 1419 1532 omnes

202 1550 353 1598 'mm‘
370 1570 431 1623 fere
449 1569 610 1625 cardinales
628 1575 795 1624 reverenter
813 1576 1010 1624 occurrerunt.
1049 1567 1211 1639 Episcopus
1229 1569 1331 1620 autem
1349 1560 1419 1614 Lin-

203 1615 297 1679 Lym'
370 1653 525 1709 cclniensis
545 1654 608 1725 jam
632 1655 704 1709 illuc
731 1654 904 1719 adveneram
934 1654 1004 1724 quia
1021 1671 1088 1707 cum
1109 1651 1195 1707 multi
1220 1667 1285 1705 sese
1310 1661 1419 1702 versus

370 1755 484 1808 papam,
504 1744 538 1793 ut
564 1757 666 1809 pacem
678 1739 826 1803 haberent,
840 1737 1043 1802 redemissent,
1064 1737 1204 1809 querulus
1225 1750 1335 1806 papam
1353 1728 1420 1784 red-

205 1818 311 1896 Tbebp.
323 1820 352 1870 os
371 1823 480 1892 arguit,
501 1823 610 1887 dicens,
633 1823 797 1888 “Domine,
818 1823 939 1886 credidi,
961 1824 1119 1878 auxiliante
1138 1824 1286 1893 precepto
1303 1819 1418 1877 vestro,

204 1885 327 2002 me‘ffln
371 1923 479 1972 omnes,
499 1908 535 1963 de
564 1907 670 1978 quibus
688 1914 864 1978 conquestus
885 1904 1001 1978 [sum],³
1018 1908 1178 1979 castigasse
1204 1910 1234 1959 et
1258 1904 1295 1958 ab
1314 1915 1421 1955 eorum
1455 1891 1555 1945 Μὰ

203 1968 359 2084 ἓοᾞροέθ,
371 2010 469 2047 errore
487 1999 621 2063 potenter
637 2009 805 2058 revocasse;
828 1998 858 2047 et
876 2010 943 2047 ecoe
963 1992 1140 2048 novissimus
1159 2006 1239 2045 error
1257 1988 1357 2042 factus
1375 1989 1422 2040 est

204 2085 361 2137 butuithcut
370 2077 452 2148 pejor
477 2077 583 2148 priore.
622 2077 729 2133 Omnes
755 2076 833 2132 euim
864 2095 894 2131 se
916 2075 1073 2140 redimunt,
1103 2080 1133 2131 et
1159 2074 1288 2146 panditis
1319 2072 1421 2127 sinum

156 2220 158 2224 λ
204 2151 284 2203 effect
371 2161 505 2215 omnibus
523 2161 645 2231 praemia
662 2160 868 2226 offerentibns3
899 2161 976 2215 unde
995 2167 1150 2216 enervatur
1168 2159 1327 2216 auctoritas
1353 2177 1422 2214 inea

370 2248 400 2299 et
417 2245 600 2315 propositum
619 2244 781 2300 irritatur.”
827 2244 884 2301 cui
900 2263 985 2317 papa,
1007 2246 1138 2300 “Frater
1157 2287 1164 2299 .
1189 2286 1195 2298 .
1217 2283 1225 2297 .
1245 2285 1251 2298 .
1273 2245 1345 2314 quia
1363 2262 1421 2316 ego
1433 2238 1571 2292 Ibiffill

370 2328 463 2383 bonus
482 2346 548 2382 snm
561 2327 574 2382 Ρ
587 2327 605 2351 ”
642 2329 733 2384 Ftsio
751 2329 875 2384 recessit
893 2330 1046 2400 episcopus
1064 2348 1082 2384 a
1101 2347 1153 2384 suo
1171 2328 1321 2400 proposito
1339 2329 1421 2386 frau-

371 2411 467 2476 datus,
488 2411 555 2466 aliis
579 2418 677 2466 tamen
700 2412 824 2467 nimium
849 2413 960 2468 vexatis
985 2420 1104 2484 propter
1130 2413 1185 2468 hoc
1209 2418 1299 2483 atque
1318 2413 1422 2486 damp-

206 2495 261 2546 'I'he
273 2511 324 2546 em-
371 2496 506 2551 nificatie.
543 2496 685 2566 Tempore
705 2498 759 2552 sub
778 2496 889 2562 eodem,
915 2496 1030 2553 devicto
1049 2504 1079 2553 et
1098 2495 1242 2569 effugato⁴
1267 2496 1424 2553 Willelmo

204 2579 277 2641 W
373 2580 409 2634 de
427 2579 584 2643 Holandia,
598 2598 671 2652 rege
688 2580 878 2646 Alamanniae,
898 2581 969 2636 licct
986 2600 1053 2636 eum
1072 2600 1147 2653 papa
1163 2581 1290 2635 multum
1308 2580 1424 2636 ditare·

205 2631 328 2747 &gfff
373 2664 422 2730 rit,
442 2664 632 2720 Frethericus
650 2665 681 2719 in
699 2666 807 2721 multos
826 2666 882 2720 sibi
906 2665 1032 2721 rebelles
1050 2666 1172 2721 desaevit
1189 2665 1424 2737 triumphando,⁸

204 2763 319 2814 memes,
373 2754 403 2804 et
432 2749 469 2803 ad
498 2755 614 2820 tempus
638 2749 746 2804 multos
777 2750 951 2804 conterendo
980 2750 1114 2820 peremit,
1144 2750 1304 2805 secundum
1333 2750 1424 2814 illud,

374 2830 481 2888 “Ante
500 2832 634 2888 ruinam⁶
661 2833 835 2889 exaltabitur
853 2833 952 2888 cor.''⁷
987 2835 1130 2906 Tempore
1149 2834 1202 2888 sub
1219 2834 1333 2900 ecdem,
1353 2852 1425 2890 cum

204 2890 313 3006 fflmd
372 2917 501 2972 venisset
526 2935 624 2973 comcs
651 2917 794 2973 Ricardus
820 2918 1006 2990 Lugdunum,
1027 2926 1061 2974 ut
1078 2918 1250 2990 praedictum
1268 2924 1323 2982 est,
1345 2937 1427 2990 papa

204 3023 275 3073 dine„
285 3023 347 3072 „iffi
371 3001 468 3072 ipsum
487 3020 554 3057 cum
567 3020 681 3057 summo
692 3003 800 3057 honore
810 3003 949 3072 suscepit,
964 3002 1130 3074 supplicans
1149 3009 1183 3057 ut
1196 3019 1262 3057 cum
1281 3019 1318 3057 eo
1335 3020 1425 3073 pran-

205 3090 247 3142 the
258 3106 329 3154 pope.
372 3084 472 3151 deret3
493 3091 523 3141 et
540 3086 643 3142 resecti
670 3086 787 3142 suntin
812 3104 870 3141 una
893 3104 995 3141 mensa
1012 3105 1088 3158 papa
1113 3099 1143 3143 et
1159 3103 1255 3142 comes
1274 3086 1425 3142 Ricardus

222 3174 254 3218 25
266 3169 347 3233 April
372 3170 588 3226 collateraliter.
627 3170 692 3225 Hoc
718 3176 816 3226 autem
835 3169 945 3225 sactum
969 3177 1014 3225 est
1037 3176 1103 3225 aute
1122 3171 1184 3225 dics
1210 3170 1423 3240 Rogationem.

206 3261 337 3311 Deseatol'
373 3255 412 3309 Et
429 3255 531 3309 eadem
558 3254 616 3318 die,
636 3273 703 3310 cum
733 3254 876 3310 Soldanus
904 3253 1064 3309 Babiloniae
1090 3255 1229 3326 optimam
1250 3270 1354 3324 pacem
1373 3254 1426 3308 ob·

206 3328 361 3388 theFrfflsshs
373 3337 500 3403 tulisset,
520 3339 572 3392 sed
596 3338 774 3393 Francorum
805 3338 941 3409 superbia
969 3338 1005 3394 ad
1029 3356 1132 3410 pacem
1156 3339 1282 3393 oblatam
1299 3338 1425 3392 minime

204 3396 362 3511 fflffissm
373 3424 468 3492 potuit
493 3422 639 3487 inclinari,
659 3423 846 3477 commissum
868 3428 913 3477 est
931 3423 1068 3493 proelium
1086 3423 1322 3477 infelicissimum
1343 3423 1426 3477 inter

206 3529 240 3591 by
252 3527 294 3576 the
375 3505 556 3560 Christianos
576 3513 606 3561 et
625 3505 809 3569 Sarracenos,
826 3512 856 3561 et
873 3512 974 3578 captus
993 3512 1038 3561 est
1056 3524 1107 3561 rex
1126 3507 1304 3562 Francorum
1323 3507 1360 3560 ab
1379 3506 1426 3560 in-

207 3594 335 3645 Saraoens.
374 3588 518 3652 fidelibus,
543 3589 621 3659 quod
647 3608 796 3661 nunquam
822 3595 906 3644 antea
930 3591 1061 3661 contigit.
1100 3591 1139 3646 Et
1169 3608 1200 3646 se
1229 3591 1427 3648 reddiderunt

785 3709 815 3714 ..,
1261 3708 1318 3715 ...-.
1342 3711 1406 3719 —u

408 3768 415 3799 ¹
437 3768 521 3818 Comes
540 3768 679 3834 Ricardua]
704 3770 781 3818 From
804 3770 874 3819 these
952 3769 1128 3835 qphaleratis]
1148 3771 1265 3829 faleratis,
1277 3769 1336 3822 MS.

374 3849 456 3897 words
469 3847 512 3897 the
525 3855 581 3897 text
593 3848 624 3896 os
636 3847 680 3897 the
693 3846 779 3896 Florae
789 3848 875 3898 msto-
895 3904 898 3921 Ι
951 3849 962 3881 ³
980 3851 1044 3914 mm]
1059 3849 1178 3913 Supplicd
1186 3851 1249 3899 from
1257 3849 1424 3917 Hirtdnyl„

374 3930 475 3984 riorum
504 3927 640 3976 attributed
668 3927 820 3991 improperly
849 3937 874 3978 to
896 3938 898 3973 l
919 3929 955 3977 iii.
970 3931 1008 3987 70,
1021 3928 1246 3978 andFIorcrHiat.

374 3984 898 4067 lutthewofwestminster,isa1mostl
952 4008 1105 4073 ⁴uffu9nto]
1137 4009 1256 4072 adligato,
1283 4010 1340 4061 MS.
1369 4014 1423 4062 and

375 4085 688 4151 versuuyeansesseea
700 4086 874 4137 uecteaam
895 4068 898 4167 l
920 4086 1084 4136 statinae.

374 4166 431 4215 MS.
443 4165 507 4213 from
520 4165 562 4214 the
575 4164 732 4214 abbreviatio
746 4165 874 4216 Chronico-
896 4190 898 4227 g
952 4168 962 4198 ⁵
980 4166 1162 4232 triumphando]
1182 4168 1342 4230 triumfando,
1354 4170 1414 4225 MS,

375 4262 427 4293 mm
438 4245 538 4308 printed
549 4247 637 4306 above,
653 4247 703 4294 and
720 4262 780 4310 goes
798 4263 832 4295 on
848 4255 875 4296 to
896 4302 897 4311 ἵ
952 4245 962 4275 ⁰
979 4247 1047 4294 etad
1063 4285 1068 4296 .
1087 4284 1093 4296 .
1112 4249 1219 4312 ruinam]
1239 4248 1320 4299 lbere
1336 4253 1423 4301 words

374 4324 417 4373 the
429 4324 497 4373 close
509 4325 540 4373 os
548 4325 590 4373 the
602 4340 662 4388 year
676 4330 746 4374 1255.
781 4326 808 4374 A
823 4328 874 4375 col·
895 4322 898 4365 Ι
920 4328 969 4375 and
991 4335 1046 4388 part
1068 4327 1096 4376 of
1115 4328 1158 4377 the
1180 4336 1242 4377 next
1263 4344 1306 4378 are
1327 4345 1361 4378 on
1384 4346 1419 4380 an

374 4403 452 4453 lation
465 4405 495 4452 os
503 4404 546 4454 the
557 4412 606 4453 two
618 4413 685 4453 texts
702 4406 746 4454 bas
764 4406 874 4455 ufforded
895 4368 898 4429 ¹
919 4421 1033 4465 erasum
1051 4408 1100 4455 and
1116 4423 1157 4457 are
1174 4408 1227 4457 also
1239 4408 1339 4458 written
1357 4410 1420 4460 with

374 4498 443 4532 some
452 4485 604 4533 corrections
615 4485 646 4532 of
653 4485 695 4533 the
703 4485 874 4547 originaland
895 4455 898 4533 Ι
919 4502 933 4533 a
945 4486 1065 4548 plummet
1077 4503 1109 4535 on
1122 4487 1164 4536 the
1175 4489 1252 4538 lower
1262 4489 1370 4553 margin.

375 4561 473 4610 mneos
493 4563 618 4625 readings,
636 4578 663 4611 aa
686 4563 809 4613 indicated
830 4578 874 4612 on·
952 4565 962 4600 7
979 4567 1083 4617 altered
1094 4568 1159 4617 from
1171 4568 1247 4617 Prov.
1259 4568 1312 4619 xvi.
1326 4573 1364 4619 le.

374 4642 457 4692 words
468 4641 495 4690 in
503 4641 547 4690 the
559 4642 700 4692 scot-notes.
