3278 5610
378 751 422 821 74
501 763 669 817 uariam
690 762 904 820 reaumaus
926 764 1088 820 suman
1107 765 1309 821 merosum

208 1012 279 1067 &D-
292 1018 508 1089 ¹2⁵⁰·Froowi
530 1018 627 1106 opud
652 1017 856 1086 Domiotoot
876 1024 1126 1097 ooaaoorcmm
1150 1017 1319 1111 trapetum
1335 1020 1426 1108 scoi-

464 1129 531 1188 aot
563 1120 607 1189 io
640 1120 750 1203 Ιιοείω,
770 1120 887 1207 patino
918 1119 1058 1209 quidem
1080 1120 1165 1199 beru,
1188 1121 1247 1189 sod
1275 1122 1427 1190 croatiae

465 1223 600 1291 mucra
622 1223 773 1310 teremit.

208 1393 363 1444 Thoumna
419 1373 518 1438 Anno
547 1394 678 1459 quoque
707 1372 769 1439 sub
799 1372 914 1440 eodem
937 1371 1055 1439 Franci
1076 1373 1114 1439 in
1135 1374 1251 1439 caetris
1283 1394 1425 1441 eommo-

207 1461 337 1578 {ffissg
375 1483 487 1554 rantes
504 1475 607 1562 juxta
622 1475 823 1553 Damiatam,
838 1475 1026 1540 convocatis
1049 1476 1129 1561 ipsis
1152 1476 1209 1560 qui
1232 1477 1269 1540 in
1288 1477 1426 1542 civitate

207 1595 348 1646 amentia
375 1579 669 1655 commorabantur,
693 1578 855 1663 impetum
887 1577 1035 1642 iecerunt
1064 1577 1102 1641 in
1128 1576 1249 1658 hostes,
1273 1578 1330 1662 qui
1353 1578 1426 1643 vias

207 1675 306 1725 eneny.
374 1686 409 1747 et
431 1681 596 1747 convalles
618 1679 816 1759 obsidentes,
839 1679 997 1746 victualia
1019 1679 1184 1745 arcebant.
1231 1680 1426 1746 Invslnerat

374 1785 463 1850 euim
496 1784 597 1849 fames
628 1783 841 1850 vehementer
872 1783 909 1847 in
937 1781 1063 1848 Christi
1094 1783 1251 1848 exercitu.
1298 1783 1426 1864 Quibus

241 1899 329 1951 ereb.
375 1888 482 1974 prima
516 1887 578 1968 die,
611 1886 737 1952 scilicet
771 1885 940 1964 cinerum,
962 1907 1115 1977 prospere
1148 1885 1275 1964 accidit,
1300 1884 1358 1951 sed
1389 1886 1426 1951 in

375 1990 527 2069 crastino,
560 1989 598 2054 in
627 1989 772 2076 idipsum
809 1988 993 2067 redeuntes,
1028 1988 1226 2054 deteriorem
1263 1988 1426 2054 calculum

206 2104 353 2158 nminem
375 2097 608 2180 reportarunt3
632 2091 722 2157 unde
744 2095 843 2156 tenta
869 2091 971 2156 fames
993 2090 1030 2155 in
1053 2091 1211 2173 exercitu,
1235 2090 1307 2156 Deo
1329 2091 1426 2169 irato,

205 2173 345 2304 ffiffi'y’
375 2195 530 2276 invaluit,
553 2200 593 2261 ut
616 2194 755 2260 confecti
777 2194 872 2273 fame,
895 2215 995 2281 equos
1017 2215 1094 2259 suos
1116 2194 1153 2258 in
1169 2193 1427 2281 Quadragesima

205 2307 351 2371 apoeaora
375 2297 544 2364 comedere
566 2300 770 2384 cogerentur.
817 2295 918 2361 Unde
952 2295 1051 2360 multi
1078 2302 1239 2362 exeuntes
1260 2301 1295 2361 et
1324 2296 1426 2361 hosti·

374 2403 437 2468 bus
460 2399 567 2466 additi
590 2404 833 2488 apostatarunt,
856 2403 891 2464 et
913 2399 988 2486 plus
1011 2398 1086 2463 aliis
1109 2399 1206 2464 nobis
1228 2404 1423 2466 nocuerunt.

205 2507 262 2557 The
270 2506 362 2558 Soldan
375 2503 616 2569 Verumtamen
632 2501 796 2568 Soldanus
811 2500 1003 2580 Babiloniae,
1021 2501 1168 2565 omnium
1191 2523 1306 2589 regum
1321 2501 1424 2568 famo-

205 2574 540 2705 gfssssmsiamm
573 2626 685 2692 regem
716 2603 919 2669 Franoorum
952 2602 1140 2680 formidans,
1172 2606 1315 2670 maxime
1345 2605 1424 2691 quia

205 2707 305 2823 ἒξξῑῐὶθ
375 2708 567 2773 Damiatam
582 2713 652 2773 tam
674 2707 741 2772 cito
757 2713 792 2772 et
806 2706 929 2771 leviter
951 2705 1156 2794 subjugarat,
1170 2729 1285 2795 pacem
1300 2709 1423 2795 optulit

204 2775 356 2905 quiricii?
374 2810 649 2887 honestissimam,
671 2814 711 2874 ut
732 2808 889 2874 videlicet
903 2808 1004 2873 Terra
1019 2809 1142 2874 Sancta
1164 2818 1199 2875 et
1221 2832 1423 2899 quaecunqne

204 2908 351 3025 {22⁰ss-
373 2913 553 3000 aliqnando
591 2912 856 2980 Christianorum
893 2911 1011 2990 fuerat,
1051 2910 1259 2978 Christiania
1287 2914 1422 2980 restitu-

203 3012 291 3105 tylon:
302 3042 354 3091 eno
374 3023 492 3082 eretur.
550 3017 596 3082 Et
628 3014 736 3081 multa
768 3015 835 3080 alia
865 3014 908 3080 ad
941 3013 1170 3079 commodum1
1203 3021 1238 3081 et
1263 3016 1422 3083 honorem

203 3108 362 3242 ἓξὲξ
374 3118 638 3185 Christianorum
675 3117 800 3206 optulit
837 3117 1020 3205 profutura,
1061 3116 1105 3181 ad
1150 3139 1224 3203 quae
1269 3119 1423 3207 superbia

203 3256 246 3306 aa
374 3222 575 3287 Francorum
607 3220 745 3287 minime
775 3220 887 3308 potuit
920 3219 1083 3301 inclinari,
1115 3220 1180 3284 nisi
1213 3219 1322 3285 dictus
1352 3221 1423 3287 Sol-

374 3322 479 3388 danus
519 3322 663 3402 Oairum,
695 3322 902 3389 Babiloniam
935 3326 971 3387 et
1002 3321 1244 3387 Alexandriam
1279 3322 1421 3388 Christi·

372 3427 445 3490 anis
465 3427 656 3513 resignaret.
702 3425 809 3510 Super
831 3445 895 3510 quo
927 3444 1001 3488 cum
1034 3424 1236 3510 postulasset
1258 3425 1422 3492 Soldanus

372 3534 504 3616 tempus
525 3529 653 3615 aliquot
676 3528 814 3604 dierum,
836 3531 884 3604 ut,
900 3528 1088 3592 convocatis
1110 3528 1178 3592 suis
1200 3530 1420 3614 magnatibus,

372 3653 470 3718 super
498 3631 561 3696 hoo
591 3630 798 3710 deliberaret,
821 3628 1003 3694 ventilatus
1026 3635 1077 3695 est
1098 3652 1212 3696 rumor
1234 3653 1341 3696 vanus
1363 3655 1422 3719 per

372 3734 504 3799 diversa
535 3732 802 3801 Christianorum
834 3731 977 3811 climata,
1012 3734 1100 3817 quod
1131 3740 1321 3800 memoratae
1353 3741 1421 3801 tres

205 3838 347 3918 Thesara·
372 3838 527 3904 civitates
560 3835 778 3901 redderentur
814 3833 936 3898 ditioni
973 3834 1181 3902 Christianae.
1241 3837 1308 3903 Sed
1345 3860 1420 3903 cum

203 3907 343 4025 ξςῖἓώ
372 3943 653 4030 congregarentur
688 3935 815 4001 nobiles
850 3935 1102 4002 Sarracenomm
1139 3960 1249 4004 coram
1286 3941 1420 4006 domino

371 4066 430 4113 suo
453 4043 609 4123 Soldano,
625 4045 660 4108 et
674 4038 847 4105 audissent
870 4039 1046 4104 avaritiam
1061 4045 1097 4105 et
1111 4042 1299 4127 superbiam
1315 4043 1420 4108 Fran·

370 4169 492 4224 corum,
514 4144 703 4211 nullatenus
733 4141 984 4228 adquieverunt
1031 4141 1222 4222 Quinimmo
1252 4145 1418 4226 dixerunt,

372 4248 589 4316 “Christiani
620 4245 721 4310 nimis
751 4243 894 4330 improbi
926 4248 961 4308 et
994 4244 1128 4330 superbi
1162 4246 1302 4332 exigrmt
1331 4249 1420 4335 quod

371 4352 533 4436 injustum
556 4354 616 4426 est,
631 4354 666 4414 et
688 4347 784 4413 nobis
806 4345 1021 4411 intolerabile.
1068 4346 1119 4410 Ut
1150 4349 1231 4432 quid
1252 4349 1420 4437 impetunt

372 4473 441 4530 nos,
464 4453 529 4515 nisi
560 4452 688 4516 ratione
710 4450 819 4514 Terrae
843 4448 1000 4513 Sanctae?
1044 4448 1134 4528 Quid
1165 4451 1212 4514 eis
1246 4473 1319 4515 cum
1351 4453 1419 4518 Da·

375 4554 501 4617 rniatat
533 4553 613 4638 quid
648 4574 723 4617 cum
756 4551 862 4624 Coiro,
896 4550 1071 4614 Babilonia
1108 4550 1163 4615 vel
1194 4552 1421 4619 alexandr-iat

379 4688 428 4698 ..-

696 4740 702 4769 ¹
722 4738 877 4804 modu]
896 4740 1037 4793 comodum.
1050 4740 1105 4791 MS
