3278 5610
353 747 397 812 72
480 757 647 809 usuram
669 758 884 810 rimamusrs
907 760 1072 812 nrsronm
1094 760 1296 812 merosum

183 939 340 990 AD01250·
355 933 484 1014 Quibus
507 939 665 1021 exparte
688 935 814 1001 domini
837 937 922 1023 regis
948 936 1169 1024 supplicatum
1199 943 1258 1016 est,
1283 942 1322 1001 ut
1343 957 1404 1023 pro

184 1019 342 1144 mm}
355 1036 426 1102 Deo
447 1037 657 1103 remitterent
680 1039 711 1102 ei
734 1059 847 1103 omncs
870 1038 1019 1116 offensas,
1042 1038 1182 1124 injurias
1205 1042 1240 1103 et
1261 1043 1404 1125 peccata,

186 1168 219 1201 on
234 1162 343 1202 account
355 1139 475 1225 quibus
497 1138 585 1226 ipse¹
611 1162 645 1205 se
660 1139 803 1206 timebat
818 1141 950 1218 irretiri,
967 1163 1080 1206 eorum
1095 1140 1269 1228 pecuniam
1283 1140 1405 1205 multo-

186 1220 342 1350 ffiffloe
356 1242 441 1306 tiens
462 1246 498 1306 et
520 1242 748 1329 multipliciter
777 1241 987 1330 accipiendo²
1009 1265 1068 1330 per
1097 1243 1215 1322 tebias,
1238 1265 1296 1329 per
1318 1242 1406 1328 inju-
1453 1261 1456 1265 ’

186 1367 220 1402 on
230 1353 308 1403 them.
354 1345 457 1409 ricsas
471 1345 683 1425 extorsiones,
699 1351 768 1410 tam
784 1346 1068 1412 mercimoniorum
1087 1367 1185 1431 quam
1201 1344 1404 1435 victualium,

354 1468 436 1532 quas
459 1446 569 1512 Prisas
589 1453 718 1526 vocant,
734 1453 848 1514 contra
870 1447 992 1514 civium
1015 1448 1225 1515 voluntatem
1248 1452 1283 1512 et
1305 1448 1404 1513 liber·

354 1555 467 1614 tatem.
513 1548 588 1613 Rex
609 1555 723 1614 tamen
744 1549 782 1613 in
803 1550 862 1614 illa
887 1550 1126 1637 supplicatione
1148 1551 1234 1615 laesis
1255 1550 1308 1615 vel
1331 1572 1403 1636 spo

354 1651 444 1716 liatis
466 1649 553 1715 nihil
575 1651 742 1716 satisfecit.
788 1651 887 1718 Cives
908 1657 1021 1717 tamen
1051 1653 1202 1718 videntes
1225 1652 1318 1717 aliud
1340 1652 1404 1717 sibi
1429 1664 1474 1716 sol
1486 1668 1534 1716 147
1543 1663 1568 1716 b.

188 1769 315 1818 necanda
355 1777 423 1819 non
445 1753 607 1839 expedire,
631 1754 742 1818 omnia
764 1755 906 1841 benigne
935 1755 1140 1820 remiserunt.
1196 1755 1269 1820 Rex
1298 1754 1405 1840 igitur

188 1835 343 1951 ffiff‘
356 1856 579 1921 incontinenti
594 1855 637 1919 ad
653 1856 824 1921 dominnm
846 1878 966 1944 papam
988 1857 1126 1921 nuncios
1149 1855 1333 1921 destinavit
1348 1878 1406 1922 ex-

188 1967 317 2033 rumority
356 1959 495 2047 pedites,
511 1958 555 2022 ad
570 1959 813 2045 impediendum
837 1981 1043 2046 progressum
1066 1966 1259 2046 magnatum
1275 1959 1406 2045 Angliae

187 2043 345 2166 {affige
356 2061 661 2147 crucesignatorum,
686 2066 725 2126 ut
744 2062 854 2147 potius
877 2061 963 2148 regis
985 2062 1163 2126 transitum
1187 2066 1406 2148 expectarent

188 2169 317 2219 maden
358 2163 422 2229 Oui
448 2164 601 2229 dominus
630 2186 723 2251 papa,
745 2166 922 2241 immemor,
947 2169 986 2229 ut
1015 2161 1161 2243 dicitur,³
1192 2164 1277 2250 regis
1301 2163 1407 2226 Fran·

187 2235 317 2367 ffi'ffl'
358 2288 469 2331 corum
501 2265 582 2348 Deo
611 2267 647 2331 in
680 2267 781 2332 Terra
819 2267 941 2332 Sancta
974 2266 1160 2345 militantis,
1192 2274 1227 2330 et
1264 2266 1408 2352 impetus

358 2369 609 2435 Sarracenorum
632 2368 815 2434 cotidianos
847 2369 1050 2448 sustinentis,
1075 2390 1240 2434 assensum
1266 2368 1408 2455 praebuit

206 2488 237 2534 ar
250 2485 334 2549 April
357 2472 577 2558 repentinum.
623 2471 794 2558 Magnetes
817 2476 929 2536 autem
956 2471 1090 2536 interim
1122 2471 1183 2536 hoc
1216 2472 1409 2550 nescientes,

189 2550 401 2668 ffiffzzgfs.
433 2574 593 2639 calenus
624 2573 706 2638 usn
739 2574 923 2639 consonis
954 2573 1043 2660 apua
1077 2572 1334 2638 nemansensi
1368 2573 1409 2637 as

188 2684 328 2800 iidm
357 2677 522 2742 communi
545 2698 677 2742 assensu
710 2683 945 2756 convenerunt,
979 2676 1020 2740 de
1057 2698 1117 2740 sua
1148 2675 1410 2762 peregrinatione
1471 2706 1479 2721 ·

217 2766 313 2800 cem

189 2817 290 2867 atBer-
358 2779 542 2846 tractaturi
590 2777 667 2842 Non
690 2778 896 2843 mediocriter
917 2777 1005 2843 enim
1028 2777 1246 2843 condolebant
1269 2777 1297 2840 F
1297 2797 1410 2840 ranco-

188 2885 321 2949 monduy.
357 2905 430 2947 rum
453 2881 522 2968 regi
544 2886 579 2946 et
602 2879 785 2946 exercitui⁴
800 2879 998 2960 Christiano,
1014 2901 1083 2945 sese
1098 2902 1157 2967 pro
1180 2879 1314 2944 ecclesia
1334 2878 1409 2942 uni·

190 3001 246 3052 'sne
256 3002 298 3066 hp
310 3001 341 3051 of
358 2985 476 3050 versali
492 2982 610 3049 mortis
625 2983 780 3070 periculis
795 2983 983 3070 exponenti
1022 2983 1133 3068 Hujus
1148 2981 1409 3069 congregationis

187 3068 333 3185 yffi
358 3093 393 3152 et
415 3087 545 3152 concilii
568 3087 759 3173 capitaneus
781 3085 1048 3151 constituebatur
1081 3084 1252 3171 episcopus
1279 3085 1407 3170 Wigor-

188 3150 339 3252 aiiii-hcm
357 3190 481 3255 niensis
504 3188 678 3266 walterus,
694 3189 946 3275 crucesignatus.
994 3187 1135 3252 Etcum
1159 3187 1409 3251 constituissent

357 3292 421 3357 sibi
445 3292 627 3357 terminum
654 3313 722 3356 suae
752 3289 935 3354 communis
965 3288 1130 3366 motionis,
1152 3288 1272 3352 festum
1303 3288 1408 3352 sancti

207 3406 329 3457 anrna
361 3395 526 3460 «Iohannis
563 3394 735 3479 Baptistae,
771 3414 851 3470 ecce,
886 3397 957 3455 tam
994 3390 1115 3476 regalis
1152 3412 1251 3475 quam
1285 3391 1410 3478 papalis

188 3489 329 3567 Thepqpn
359 3519 479 3584 urgens
501 3495 690 3582 prohibitio,
713 3516 755 3558 ne
778 3494 902 3559 scilieet
932 3498 1011 3558 ante
1045 3493 1131 3579 regis
1165 3493 1342 3557 transitum
1374 3516 1409 3557 se

189 3557 348 3673 prmum
360 3600 525 3664 ullatenus
547 3619 678 3662 movere
701 3599 946 3683 praesumerent,
970 3595 1055 3659 sicut
1087 3601 1192 3659 terras
1221 3600 1255 3659 et
1283 3615 1409 3680 posses-

190 3688 323 3738 *ΝΜ
359 3703 466 3767 siones
488 3722 564 3764 suas
586 3698 770 3784 diligebant
793 3702 828 3762 et
846 3696 1195 3761 excommunicationis
1210 3697 1408 3760 sententiam

190 3755 328 3886 affine
358 3804 513 3869 devitare
560 3800 657 3880 Quod
678 3822 752 3865 cum
774 3798 1024 3886 intelligeretur,
1055 3798 1167 3862 tristes
1199 3799 1242 3863 ad
1275 3799 1409 3885 propria

190 3898 249 3938 ¹¹³⁰
264 3890 346 3940 nome.
358 3912 554 3980 remeamnt,
576 3902 720 3988 turpiter
741 3901 877 3988 decepti,
893 3900 982 3986 quod
1003 3922 1081 3964 suas
1103 3906 1206 3964 terras
1229 3907 1262 3964 et
1284 3923 1408 3986 posses-

357 4010 464 4074 siones
485 4006 630 4071 inaniter
651 4004 688 4068 in
710 4025 875 4069 armorum
898 4008 933 4068 et
955 4024 1111 4088 equorum
1142 4009 1243 4087 atque
1270 4003 1409 4067 viatico-

361 4274 444 4323 bel'ore
455 4273 498 4322 the
509 4273 559 4321 last
569 4271 681 4334 chapter,
693 4269 744 4319 and
754 4266 859 4319 hasthis
904 4267 993 4330 dently
1009 4280 1116 4330 mum
1133 4267 1184 4315 and
1202 4265 1228 4314 in
1246 4266 1290 4316 the
1306 4266 1406 4330 margin

360 4352 481 4414 heading,
499 4350 648 4400 “Do-au
670 4365 714 4397 rex
733 4349 797 4411 peti!
819 4363 859 4396 cc·
904 4361 943 4394 we
953 4346 1017 4395 hare
1025 4344 1191 4410 precipiendo,
1203 4345 1260 4393 hals
1267 4347 1362 4394 enred.

360 4431 425 4478 niun
436 4445 453 4477 u
464 4427 557 4477 cisitu
571 4427 775 4477 mdo-nrm’·
937 4423 948 4455 ³
965 4426 1090 4482 inmemor,
1101 4432 1129 4472 at
1138 4423 1241 4486 dicitur]
1256 4425 1296 4474 On
1308 4438 1341 4472 an
1352 4439 1407 4473 era·

395 4507 401 4538 ¹
420 4507 485 4570 ipse]
504 4506 544 4555 On
557 4521 589 4554 an
601 4521 709 4556 amante.
880 4520 883 4541 ³
904 4517 969 4552 sun·-

393 4584 574 4647 Micipsam]
594 4585 624 4632 ln
645 4585 687 4633 the
707 4595 768 4642 text,
787 4601 857 4633 accr-
880 4559 884 4705 ᾗ
939 4581 1093 4644 *carr-cnsi]
1124 4578 1268 4636 antemittit
1291 4580 1357 4640 Μὸη
1376 4596 1405 4629 ⁸⁵

357 4673 440 4731 perat,
451 4677 484 4713 on
502 4677 536 4712 an
546 4675 654 4722 erasme,
666 4661 749 4711 rrlriclr
768 4663 791 4710 is
806 4661 859 4712 eri·
904 4659 1045 4709 sennem
