3278 5610
383 748 447 808 144
508 759 672 809 irsrrnnr
696 759 908 809 nimetensis
931 761 1095 810 ursroml
1117 761 1316 813 suetonum

212 939 281 991 nl).
297 947 370 994 125³.
383 938 413 986 at
439 931 647 987 contradictio¹
668 940 697 986 at
715 931 792 987 notio
810 949 864 987 nec
883 931 1075 987 contradictio
1093 940 1139 987 ast
1156 950 1210 988 nec
1228 933 1360 998 rebellio,
1381 933 1437 988 sed

382 1015 481 1070 filialis
499 1015 598 1071 divino
616 1014 753 1070 mandato
771 1014 871 1070 debita
887 1015 966 1086 patri
993 1024 1024 1070 et
1049 1018 1138 1072 matri
1163 1017 1323 1073 honoratio.
1361 1017 1437 1072 Bre-

381 1100 458 1154 viter
483 1106 582 1155 autem
608 1098 786 1169 recolligens
811 1098 886 1163 dico,
905 1099 1073 1170 apostolioae
1102 1099 1180 1156 sedis
1209 1101 1348 1156 sanctitas
1375 1118 1437 1157 non

380 1188 486 1254 potest,
505 1183 563 1237 nisi
581 1200 648 1253 qun
666 1183 697 1237 iu
714 1182 938 1237 aedificationem
956 1191 1025 1238 sunt
1043 1191 1073 1238 et
1098 1182 1176 1238 non²
1194 1183 1433 1241 destructionem.

380 1266 453 1322 Haec
479 1270 525 1321 est
548 1266 627 1320 enim
651 1265 805 1336 potestatis
833 1265 995 1336 plenitudo,
1016 1267 1114 1321 omnia
1140 1284 1226 1338 posse
1252 1269 1283 1323 in
1309 1268 1436 1324 adifica-

260 1405 267 1416 ,
379 1349 497 1404 tionem.
535 1348 610 1404 Hae⁸
627 1355 726 1403 autem
754 1366 827 1418 quas
854 1347 980 1403 vocant⁴
1007 1348 1207 1416 Provisionesr,
1225 1369 1284 1405 non
1309 1356 1378 1406 sunt
1402 1352 1436 1406 in

379 1432 610 1498 {edificationem
640 1431 692 1487 sed
719 1433 750 1486 in
768 1431 1060 1486 manifestissimam⁵
1077 1431 1315 1489 destructionem.
1360 1434 1429 1490 Non

378 1516 473 1587 igitur
497 1533 547 1570 eas
565 1521 663 1587 potest
681 1515 769 1570 beata
796 1514 881 1569 sedes
907 1514 1068 1586 apostolica
1091 1522 1276 1587 attemptare,
1314 1521 1332 1546 “
1345 1517 1435 1588 quia⁸
1504 1526 1509 1534 '

379 1616 447 1654 cero
484 1609 514 1654 ct
553 1599 685 1669 sanguis,
713 1615 779 1668 qum
812 1615 938 1667 regnum
968 1597 1025 1652 Dei
1055 1616 1114 1653 non
1143 1599 1343 1671 possidebunt,
1383 1619 1434 1656 aas

378 1682 530 1746 revelavit,
562 1687 592 1737 at
618 1699 675 1737 nou
702 1680 793 1736 Pater
812 1680 932 1737 Domini
949 1681 1043 1737 nostri
1062 1681 1157 1738 Jhesu
1176 1682 1297 1750 Christi,
1318 1684 1369 1754 qui
1387 1689 1435 1739 est

380 1766 410 1820 in
429 1763 564 1821 coelis.”⁷

590 2004 595 2011 ,
648 1925 774 1994 Finita
796 1933 842 1992 cst
864 1925 1007 2013 cyrietolc
1029 1926 1184 2014 episcopi.

211 2090 343 2155 nugerol
424 2072 508 2139 Cum
532 2093 609 2138 vero
631 2072 698 2137 ista
720 2071 835 2137 littera
868 2071 911 2136 nd
944 2073 1101 2138 notitiam
1124 2073 1275 2160 papalem
1309 2096 1426 2161 perve-

210 2157 366 2288 ἓὲξξξζὲῃ
378 2175 476 2254 niret,
500 2176 570 2261 ipse
593 2195 678 2260 papa
699 2194 767 2237 non
789 2193 825 2238 se
848 2174 981 2260 capiens
1003 2196 1071 2260 praa
1086 2176 1148 2254 ira,
1171 2174 1304 2262 ipsum⁸
1342 2178 1432 2264 cogi-

211 2288 261 2339 this
271 2290 351 2341 letter.
378 2278 468 2342 tavit
489 2278 525 2341 in
548 2282 680 2340 tantem
695 2275 920 2340 confusionem
937 2277 1153 2363 praecipitare,
1168 2282 1209 2342 ut
1223 2278 1290 2342 toti
1305 2280 1431 2345 mundo

379 2382 496 2464 stupor
533 2377 618 2442 soret
659 2381 694 2441 et
731 2376 918 2462 exemplum
957 2376 1165 2443 formidabile
1178 2400 1205 2457 ;·
1225 2381 1282 2444 sed
1319 2385 1431 2446 tamen

379 2479 515 2544 consilio
537 2476 754 2543 cardinalium
778 2477 953 2556 emollitus,
977 2479 1039 2543 sub
1063 2479 1325 2546 dissimulatione
1357 2504 1431 2567 per-

314 2586 317 2591 ’
381 2581 472 2646 misit
494 2580 646 2656 transire,
673 2600 715 2643 ne
738 2600 838 2664 super
860 2578 922 2644 hoc
943 2580 1108 2646 tumultus
1130 2583 1341 2647 excitaretur.

573 2804 666 2872 Obiit
688 2802 880 2889 chclsca,
903 2800 1003 2868 abbas
1026 2802 1212 2889 chrcoeyc.

232 2979 344 3044 lenug.
423 2955 466 3019 In
488 2953 604 3040 vigilia
625 2973 703 3017 vero
726 2949 974 3036 Assumptionis
997 2950 1082 3015 obiit
1107 2951 1303 3015 venerabilis
1328 2951 1431 3016 abbas

210 3056 337 3109 nothos
379 3055 584 3142 Ranulphns,
607 3054 795 3138 Ramcseye,
819 3052 952 3116 domum
977 3073 1069 3116 suam
1092 3052 1187 3117 bonis
1201 3058 1272 3117 tam
1295 3053 1431 3140 spiritu-

209 3123 327 3242 Rfflof
379 3159 486 3224 alibus
509 3178 609 3243 qnam
643 3154 879 3241 temporalibus
909 3152 1147 3231 abundantem,
1170 3158 1318 3240 tempore
1348 3159 1430 3220 tunc

208 3256 327 3325 RQ!-
379 3261 491 3327 messis
512 3257 679 3344 regalibus
701 3255 891 3340 relinquens
913 3253 1157 3340 diripiendam.⁹

399 3499 449 3564 Dc
472 3495 731 3585 dcepccrocticne
752 3491 878 3680 wrff
901 3491 991 3608 rcpc'a
1012 3490 1208 3580 Hyapcnc'cc
1233 3493 1414 3572 Eduardo,
1501 3558 1510 3565 ,

841 3615 875 3659 w
896 3615 993 3678 repca.

209 3764 345 3830 nepsam
422 3747 516 3811 Misit
548 3766 606 3808 rex
640 3742 776 3807 nuncios
809 3741 990 3825 solempnes
1023 3740 1067 3804 ad
1097 3762 1207 3826 regem
1243 3741 1425 3828 Hispaniae,

208 3829 365 3967 fflffiffi
376 3849 532 3915 videlicet
554 3846 741 3930 episcopum
769 3842 1034 3919 Bathoniensem,
1058 3847 1093 3906 et
1115 3841 1139 3906 J
1141 3841 1306 3907 ohannem
1330 3842 1426 3906 Man.

410 4109 608 4176 ¹conlrndictio]
626 4108 714 4165 dictio,
738 4107 805 4158 coo.
828 4107 880 4157 end
957 4105 1103 4170 ²Adapted
1124 4106 1190 4156 from
1213 4106 1287 4157 Man.
1310 4107 1363 4158 xvi.
1389 4110 1427 4157 17.

376 4195 424 4244 Lm
925 4183 958 4233 Iu
970 4183 1039 4234 con„
1050 4184 1074 4233 is
1084 4185 1166 4234 added
1176 4193 1203 4235 nt
1213 4184 1257 4234 the
1268 4186 1326 4243 end,
1337 4186 1365 4234 in
1382 4187 1428 4235 red

408 4271 497 4336 πιιοιι]
517 4285 568 4319 nou
580 4268 615 4328 in,
627 4266 674 4317 Lu.
925 4262 1019 4324 letters,
1040 4262 1128 4312 “Hoec
1147 4264 1226 4312 omnia
1243 4266 1352 4313 sumit
1367 4263 1428 4313 siim

409 4350 420 4382 ⁸
437 4349 501 4415 Ha]
521 4349 584 4407 Hae,
596 4346 652 4397 MS.
925 4343 1055 4407 epnccpus
1065 4339 1246 4395 lincolniensis
1263 4341 1388 4391 Rcbcrtua
1402 4358 1428 4391 re

409 4430 501 4492 ⁴qnue
529 4426 629 4490 comat]
660 4439 717 4490 qun
748 4430 879 4481 vocantur,
920 4420 1125 4484 praesumere
1134 4428 1158 4469 et
1165 4419 1428 4484 proboreccnfidenter

376 4507 465 4559 cheth
924 4505 1008 4546 comm
1023 4515 1103 4547 omnes
1121 4497 1203 4547 mundi
1221 4498 1353 4559 toereliccs,
1372 4516 1427 4548 nec-

409 4579 878 4648 *mnisamsimanjmnifesamn
900 4560 903 4623 l
925 4592 972 4624 son
984 4575 1097 4641 etstan
1109 4576 1290 4627 enutriatur

376 4666 426 4716 ond
438 4662 528 4715 cheth.
900 4630 903 4733 i
957 4653 1078 4720 ὓδρωπα]
1097 4655 1180 4719 ipsum
1191 4655 1341 4715 mittentem,
1352 4656 1383 4706 Ε.

410 4744 420 4773 ⁶
436 4741 509 4807 qnia]
530 4740 630 4791 etenim.
642 4736 688 4785 Lu.
899 4740 903 4775 l
958 4733 968 4763 ⁹
984 4732 1160 4804 diripiendam]
1170 4735 1359 4798 dirripiendnm,
1369 4735 1425 4788 lis,
