3278 5610
394 751 435 817 26
520 762 681 813 ulmum
704 763 917 818 rsarslausrs
939 763 1105 819 maroam
1125 764 1324 819 mannans.

223 948 293 1005 al).
308 951 380 1019 ¹247,
396 936 557 1005 Maritata
578 940 629 1005 est
650 937 784 1023 insuper
806 936 967 1016 lohanna
999 937 1068 1009 filia
1089 936 1220 1007 Warini
1250 938 1291 1009 de
1323 937 1438 1015 Mas

224 1028 341 1145 {mur
392 1039 567 1122 cheiusillc,
599 1039 762 1112 Willelmo
795 1039 836 1110 de
867 1038 1032 1121 Valentia,
1065 1040 1161 1108 fratri
1194 1040 1320 1115 domini
1351 1042 1440 1130 regis

223 1162 367 1213 nomnen
394 1142 533 1223 uterino,
557 1142 609 1209 cui
632 1142 699 1210 cito
721 1147 837 1230 postea
873 1142 1016 1216 contulit
1044 1143 1197 1211 dommus
1228 1142 1312 1213 rex¹
1335 1143 1439 1221 Hert·

223 1228 367 1346 ffiutgoeffij
391 1243 538 1325 fordiam,
561 1251 765 1311 cumcastro
789 1250 823 1310 et
845 1245 974 1310 honore.
1021 1245 1131 1311 Fratri
1147 1267 1224 1312 vero
1247 1268 1307 1313 suo
1321 1247 1440 1321 Athel-

222 1362 282 1412 liam
293 1363 325 1412 de
390 1369 490 1428 maro,
513 1347 637 1425 clerico,
659 1353 712 1412 tot
734 1347 924 1433 procuravit
939 1347 1092 1413 dominus
1114 1369 1173 1412 rex
1188 1349 1327 1414 conferri
1341 1349 1439 1415 bene-

223 1431 343 1559 Xffif·
390 1449 465 1514 ficia
487 1449 702 1516 ecclesiastica
735 1454 770 1514 et
801 1449 842 1514 de
875 1450 1088 1536 praelatorum
1111 1449 1269 1531 cameris,2
1290 1451 1438 1527 fraterno

223 1542 340 1628 lenceof
390 1552 518 1629 affectu,
542 1556 582 1617 ut
604 1552 646 1616 ad
669 1551 876 1638 episcopales,
890 1551 991 1616 immo
1007 1553 1117 1638 potius
1139 1552 1437 1641 archiepiscopales,

222 1644 373 1761 {ffiffie
390 1655 527 1720 divitias
550 1654 732 1719 ascendisse
754 1651 948 1719 videretur.⁸
993 1653 1138 1720 (luidoni
1155 1677 1242 1733 vero,
1256 1657 1353 1722 fratri
1367 1679 1437 1737 suo,

224 1776 344 1831 braum
392 1756 435 1821 ab
456 1756 582 1844 Anglia
603 1757 779 1837 recedenti,
803 1756 946 1825 contulit
968 1756 1124 1827 dominus
1146 1779 1206 1825 rex
1227 1758 1438 1831 decanorum

392 1864 624 1929 renovatorum
645 1860 818 1946 pecuniam
849 1880 1081 1938 numerosam3
1113 1860 1279 1947 similique
1310 1861 1439 1935 ratione

392 1961 571 2029 (laufridus
593 1962 635 2028 de
657 1961 806 2032 Leainuu
828 1961 942 2028 multis
964 1961 1087 2031 meruit
1108 1962 1236 2033 divitiis
1258 1961 1426 2050 annal*

516 2247 624 2319 Maca·
646 2247 774 2319 achilee
795 2248 836 2319 cle
857 2247 992 2334 Aaqlia
1014 2246 1304 2335 craceaimmntnr.

222 2423 303 2501 Many
436 2408 560 2474 Eodem
583 2427 713 2494 quoque
734 2428 822 2472 anno
845 2405 1014 2492 episcopus
1037 2403 1284 2491 wigorniensis,
1315 2406 1440 2472 Willel-

221 2489 376 2608 {diliginus
390 2533 463 2576 mus
486 2510 718 2597 Longa-spata,
742 2513 776 2574 et
800 2507 966 2573 Gnlfridus
982 2507 1022 2572 de
1039 2506 1127 2586 Luci,
1145 2529 1221 2572 cum
1235 2508 1350 2574 multis
1365 2509 1440 2575 allis

223 2624 353 2675 theeman.
389 2613 557 2678 nobilibus
580 2611 719 2698 Angliae,
750 2610 901 2696 exemplo
923 2609 1010 2695 regis
1042 2609 1244 2674 Francorum
1279 2608 1439 2676 Christia-

389 2716 519 2783 nissimi
542 2718 577 2780 et
606 2714 748 2783 aliorum
778 2713 980 2781 Francorum
1010 2711 1160 2792 animati,
1185 2734 1279 2781 cruce
1308 2713 1437 2800 conam,

382 2820 523 2887 'uantur

524 3062 745 3149 Transfertur
767 3060 882 3127 beateae
903 3056 1113 3124 Edmaadna
1135 3056 1307 3142 consessor,

249 3239 347 3306 oJuly.
436 3217 681 3309 Ejusdemque⁵
703 3218 784 3283 anni
806 3217 868 3282 sub
891 3215 1066 3303 profluvio,
1089 3215 1246 3280 videlicet
1270 3215 1339 3281 viio.
1363 3215 1440 3282 idus

223 3343 343 3394 Transla-
389 3325 482 3405 Julii,
506 3346 570 3410 quo
594 3322 647 3387 die
670 3321 872 3385 translatum
895 3323 946 3383 est
968 3316 1090 3381 nostris
1105 3317 1310 3403 temporibus
1324 3338 1440 3405 corpus

220 3409 374 3541 ffifffi,
387 3427 477 3493 beati
500 3425 655 3501 Wlstani,
693 3422 835 3509 episcopi
867 3425 901 3485 et
939 3418 1139 3495 confessoris,
1172 3439 1240 3483 non
1274 3421 1345 3485 sina
1376 3419 1440 3486 Dei
1504 3444 1509 3453 ·

219 3543 346 3602 Edmunc,
388 3534 484 3607 nutu,
504 3527 701 3592 translatum
725 3529 775 3588 est
798 3529 832 3588 et
855 3544 971 3608 corpus
994 3520 1084 3586 beati
1100 3520 1278 3600 Edmuudi
1294 3521 1439 3588 Cantus·

219 3609 369 3726 ffgffissp
389 3632 506 3696 riensis
529 3627 763 3714 archiepiscopi
785 3631 819 3691 et
842 3625 1043 3702 confessoris,
1072 3622 1161 3710 apud
1197 3624 1438 3705 Pontium&

220 3743 294 3806 bury.
304 3748 332 3792 a
388 3735 424 3798 in
446 3731 624 3820 praesentia
646 3726 908 3796 christianissimi
930 3727 1016 3813 regis
1039 3726 1239 3790 Francorum
1269 3727 1440 3801 Ludowici

221 3808 353 3874 Ponngni.
390 3837 635 3920 multorumque
657 3831 869 3918 praelatorum
899 3829 1151 3914 autenticorum.
1197 3826 1440 3917 Sciendumque

390 3943 448 4017 est,
471 3937 572 4002 immo
595 3935 660 4001 toti
682 3933 806 3999 mundo
824 3930 1078 4018 praedicandum,
1095 3926 1182 4016 quod
1199 3935 1308 3996 totum
1322 3953 1440 4019 corpus

390 4041 460 4127 ejus
475 4040 642 4125 integrum
664 4035 839 4100 inventum
855 4038 913 4111 est,
929 4032 1157 4119 incorruptum
1172 4036 1207 4097 et
1222 4032 1439 4114 odoriferum3

390 4148 433 4222 et,
449 4141 537 4228 quod
552 4137 737 4205 mirabilius
752 4136 854 4202 estin
869 4141 1007 4213 mortuo
1024 4156 1099 4199 cum
1114 4134 1266 4199 omnibus
1285 4137 1440 4202 membris

425 4422 431 4453 ¹
449 4423 557 4471 mainus
568 4422 625 4487 rex]
645 4420 792 4472 Interlincd
972 4415 1131 4480 ⁴ae'milr'que.
1152 4453 1158 4467 .
1177 4417 1320 4482 ,supinurq
1346 4418 1440 4469 Added

422 4500 432 4531 '³
444 4509 468 4550 el
475 4499 663 4565 depraedatorum
670 4500 785 4564 sumis]
795 4498 889 4549 Added
940 4496 967 4547 in
977 4512 1056 4561 marg.

390 4580 418 4629 in
430 4595 508 4644 marg.
972 4575 982 4608 ὅ
1000 4573 1177 4640 Ejucdcmuc]
1197 4592 1242 4639 quc
1253 4573 1432 4630 isimerlinsd.

422 4656 433 4688 ³
451 4656 583 4720 videretur]
602 4656 755 4717 viderentur,
767 4656 797 4705 E.
