3278 5610
411 821 458 874 nu
483 822 641 873 rmnoar
663 822 766 875 nro1s
790 823 946 888 sanator,
968 824 1035 875 uz.
1058 823 1180 877 raoni.
1276 803 1319 882 47

274 1004 355 1071 ostis
376 1003 414 1068 in
435 1008 544 1070 castro
559 1001 742 1069 Wintoniae
765 1001 912 1068 civibus¹
929 1002 1111 1071 Wintoniae
1134 1009 1169 1071 et
1192 1004 1322 1073 Suhan·
1334 1015 1403 1069 ΑΒ.
1418 1023 1489 1071 rara.

274 1106 377 1173 toniae
403 1109 437 1171 et
459 1105 607 1194 partium
629 1105 851 1192 adjacentium
876 1106 1028 1171 omnibus
1050 1106 1193 1190 ballivis,
1211 1109 1320 1195 jussit,

275 1213 452 1296 postquam
485 1208 675 1290 intrassent,
706 1209 821 1274 valvas
844 1206 977 1275 claudi²
1007 1211 1115 1278 castri.
1159 1210 1213 1290 Et,
1234 1213 1322 1279 facta

276 1311 530 1399 diligentissima
563 1316 597 1378 et
630 1311 845 1377 subtilissima
869 1312 1094 1398 inquisitione,
1117 1336 1191 1380 cum
1224 1316 1322 1380 minis

277 1420 312 1480 et
348 1413 551 1480 terribilibus
589 1416 798 1503 juramentis,
836 1413 950 1501 qu0d³
986 1415 1139 1482 veritatis
1183 1417 1324 1484 archana

277 1538 380 1604 usque
413 1517 457 1583 ad
486 1517 617 1605 plenam
648 1518 922 1585 certificationem
959 1519 1232 1606 perscrutabitur,
1264 1521 1322 1602 ita,

278 1625 317 1686 ut
340 1621 381 1687 de
402 1621 486 1708 regis
509 1620 625 1686 subtili
654 1623 786 1699 astutia,
811 1644 924 1688 omnes
945 1624 1160 1690 vehementer
1181 1624 1322 1690 admira

277 1728 400 1790 rentur.
446 1723 548 1811 Cujus
569 1723 618 1790 rei
640 1724 898 1811 prudentissima
919 1726 1070 1792 executio
1093 1727 1254 1814 prolixius
1285 1748 1323 1794 ac

124 1835 166 1887 tol.
178 1818 256 1889 stit.
277 1826 479 1893 manifestius
503 1824 592 1914 [in]⁴
608 1826 741 1893 Rotulis
763 1828 954 1895 clericorum
975 1828 1103 1894 domini
1124 1829 1210 1917 regis
1232 1834 1324 1917 pote·

277 1931 321 1996 rit
353 1928 519 1996 inveniri⁵
564 1928 640 2007 sed,
675 1942 715 1997 ut
748 1930 906 1997 brevibus
937 1933 1161 2018 expediamus,
1194 1934 1322 2000 circiter

275 2029 431 2100 centum⁶
452 2032 596 2100 convicti
627 2033 804 2121 suspendio
834 2036 1012 2122 perierunt.
1064 2034 1136 2102 Nec
1167 2042 1217 2102 est
1250 2036 1322 2124 ipsa

274 2138 365 2205 curia
385 2137 472 2225 regis
493 2138 622 2204 munda
643 2138 785 2204 inventa
807 2160 828 2203 a
849 2137 1015 2204 latrocinii
1037 2139 1239 2227 contagione.

287 2427 337 2495 Dc
359 2428 503 2514 pupno⁷
525 2427 618 2493 inter
639 2425 780 2493 scolares
802 2433 833 2493 ct
856 2426 1033 2512 turpences
1057 2425 1300 2513 Cantennam.

317 2607 379 2674 Per
400 2607 490 2674 idem
519 2612 660 2694 tempus,
683 2605 807 2672 sufficet
830 2607 866 2671 in
890 2605 1158 2693 Quadragesima,
1182 2627 1224 2672 ex
1253 2604 1321 2672 levi
1334 2614 1490 2679 errelbe

273 2713 440 2777 occasione
474 2715 547 2776 orta
571 2715 622 2776 est
644 2710 808 2776 discordia
830 2709 919 2797 apud
943 2708 1202 2796 Cantabrugiam
1232 2710 1322 2775 inter
1334 2686 1471 2802 mi?

273 2816 411 2881 scolares
433 2820 467 2880 ct
490 2813 675 2900 burgenses.
721 2813 775 2878 Ex
798 2835 864 2899 qua
885 2818 960 2900 post
982 2812 1067 2892 lites,
1083 2812 1226 2899 pugnse,⁸
1247 2834 1321 2900 spo·
1334 2819 1455 2868 andour-

272 2919 433 2995 nationes,
458 2917 629 2982 domorum
652 2915 899 2993 confractiones
920 2915 1061 2980 vulnera
1084 2920 1118 2980 et
1140 2885 1490 3017 homicidiassffifffi,

273 3026 352 3087 sunt
374 3023 493 3086 secuta.
538 3018 698 3083 Ascendit
720 3018 827 3105 igitur
844 3020 968 3084 clamor
991 3018 1145 3103 querulus
1168 3019 1211 3082 ad
1232 3018 1320 3106 regis

273 3123 487 3198 audientiam,
511 3142 585 3185 cum
607 3120 703 3206 gravi
727 3119 876 3199 offensa3
897 3121 987 3184 unde
1007 3120 1186 3207 utrobique
1207 3121 1322 3207 damp-

273 3247 354 3291 num
376 3229 410 3290 et
432 3222 622 3289 scandalum
644 3223 847 3287 ventilatum
872 3220 1039 3306 jacturam
1060 3243 1129 3286 non
1151 3223 1323 3287 minimam

273 3327 454 3393 suscitavit
510 3326 584 3392 Hoc
610 3326 748 3412 dignum
775 3347 846 3388 non
880 3323 1025 3388 arbitror
1059 3324 1201 3403 silentio,
1235 3326 1322 3410 quia,

272 3433 420 3497 instante
441 3429 579 3495 humani
601 3429 733 3516 generis
755 3427 898 3506 inimico,
921 3426 979 3512 qui
1002 3427 1063 3493 scit
1085 3427 1126 3492 de
1147 3426 1324 3493 scolaribus

272 3534 398 3599 nobiles
432 3533 576 3599 ccclesiae
610 3532 805 3619 columpnas
838 3534 1050 3608 surrecturos,
1081 3529 1122 3594 de
1159 3551 1257 3608 more,
1286 3532 1323 3596 in

271 3644 383 3703 sancto
406 3641 553 3724 tempore
577 3634 865 3722 Quadragesimali
888 3634 976 3700 inter
999 3633 1130 3699 clericos
1164 3639 1198 3699 et
1223 3634 1322 3700 laicos

274 3741 436 3807 discordia
458 3741 645 3814 suscitatur,
668 3743 709 3803 ut
740 3737 839 3804 simul
870 3759 944 3805 cum
966 3758 1058 3805 sacro
1081 3742 1228 3827 tempore
1249 3760 1322 3827 per·

273 3867 362 3911 sonae
383 3843 510 3910 nobiles
532 3841 708 3908 violentur.

514 4018 518 4021 -
540 4016 585 4022 --
618 4019 628 4022 .-
674 4015 1014 4024 ...——....-—-—-

308 4109 313 4139 ¹
333 4107 439 4172 cicitur]
460 4107 500 4158 On
516 4123 549 4157 an
561 4121 669 4157 erasure.
822 4107 847 4154 in
857 4104 920 4155 libro
931 4105 1158 4155 Additamentorum
1174 4107 1266 4171 poterit
1282 4108 1320 4156 in·

306 4190 316 4219 ‘·'
333 4187 429 4252 claudi]
448 4186 542 4236 Added
553 4186 580 4234 in
591 4201 670 4249 marg.
822 4186 905 4235 ueniri.
940 4185 966 4234 A
978 4185 1052 4234 fuller
1063 4185 1139 4234 detail
1151 4186 1181 4234 of
1192 4185 1236 4234 the
1246 4186 1320 4237 affair

307 4265 409 4330 3φιοά]
429 4265 561 4314 Addedin
573 4279 653 4327 marg.
821 4263 842 4313 is
854 4263 881 4312 in
892 4263 954 4314 ΒΕ.
967 4264 1020 4326 (cd.
1032 4263 1115 4323 Wats,
1125 4278 1166 4327 pp.
1180 4267 1236 4324 760,
1249 4269 1319 4330 761),

306 4348 316 4377 ⁴
337 4345 376 4411 in]
396 4344 508 4395 Omitted
519 4344 546 4391 in
558 4342 614 4391 MS.
820 4344 866 4392 but
876 4342 898 4392 it
909 4343 968 4391 does
977 4343 1157 4405 notappearin
1167 4342 1209 4393 the
1220 4344 1319 4396 “Liber

306 4422 450 4486 ³invenirz]
478 4421 585 4480 inrenri,
606 4419 663 4469 MS.
696 4420 775 4471 From
819 4421 1082 4470 Additamentorum.''

275 4503 374 4554 Jtnuto
392 4511 418 4551 to
437 4502 544 4549 inveniri
562 4500 584 4549 is
595 4499 694 4549 written
711 4516 743 4549 on
760 4517 775 4549 a
853 4499 863 4529 ⁰
880 4500 985 4564 contum]
1005 4500 1115 4564 triginta,
1127 4501 1157 4552 B.
1170 4502 1198 4554 C.

273 4586 323 4648 stip
339 4583 369 4631 of
384 4580 477 4630 rollum
489 4581 576 4643 pasted
593 4594 655 4628 over
667 4579 708 4628 the
725 4578 774 4628 ori·
853 4578 863 4614 ἲ
878 4579 977 4643 peyna]
997 4595 1107 4645 pungne,
1119 4580 1174 4631 MS.

273 4663 343 4726 ginal
362 4666 424 4719 text,
445 4659 538 4720 which,
558 4658 681 4722 although
697 4658 773 4707 much
852 4657 979 4724 Spqqrroe]
998 4674 1107 4724 pungne,
1119 4659 1174 4711 ΜΒ.

274 4742 369 4802 erased,
380 4756 438 4805 may
447 4749 490 4804 yet
501 4742 530 4790 be
542 4737 691 4800 dcciphered
705 4736 775 4798 thus,
