3278 5610
368 729 434 795 328
456 739 622 791 narrsnr
644 736 855 790 semermes
877 713 1107 786 menuvurro
1129 729 1396 783 erroneorum

202 921 459 982 A,D.1253,quam
470 927 528 965 non
539 915 698 982 exemptos,
712 910 743 964 in
755 927 809 964 sua
825 907 936 964 diocesi
954 905 1137 970 constitutos,
1156 910 1187 959 et
1203 901 1324 960 eosdem
1342 918 1425 957 com·

202 1001 334 1052 visitation
370 995 493 1067 pelleret
519 995 557 1049 ad
587 994 728 1065 quosdam
754 993 893 1049 articulos
918 990 1123 1054 observandos,
1149 988 1202 1060 qui
1227 1005 1282 1044 neo
1305 986 1426 1058 regulas

204 1068 344 1146 ostreae-
371 1078 464 1133 saucti
482 1077 636 1133 Benedicti
663 1079 819 1149 pertinent,
851 1094 905 1132 neo
928 1076 965 1131 dc
996 1073 1057 1146 ejus
1088 1072 1252 1130 substantia
1281 1071 1424 1127 existunt

205 1136 329 1238 ”edwm‘ff
371 1162 455 1218 Unde
479 1163 610 1218 Francia
627 1163 762 1218 monachi
779 1179 882 1234 pacem
900 1160 957 1217 sibi
975 1160 1136 1230 cogitantes
1154 1155 1327 1230 praevidere,
1347 1155 1427 1210 datis
1535 1156 1538 1161 ‘

203 1209 315 1319 ἔξω
371 1247 425 1302 iiii.
453 1245 573 1302 milibus
599 1246 744 1302 librarum
768 1245 983 1302 Turonensium
1006 1244 1123 1299 domino
1140 1261 1232 1315 papas,
1251 1239 1428 1322 hujusmodi

372 1331 514 1402 impetum
532 1335 782 1402 compescuerunt.
819 1329 919 1386 Abbas
937 1328 1074 1383 similiter
1100 1327 1200 1383 Sancti
1218 1324 1337 1389 Albani,
1357 1341 1428 1380 cum

372 1414 478 1470 ceteris
508 1415 628 1486 paribus
659 1416 721 1471 suis
752 1419 783 1469 et
813 1431 915 1469 eorum
944 1412 1144 1477 conventibus,
1175 1410 1214 1466 ad
1236 1408 1427 1482 praesentiam
1506 1437 1511 1449 ·

206 1497 343 1576 §ammom
372 1497 482 1552 domiui
509 1515 591 1569 papas
616 1499 801 1570 appellarunt
826 1496 1012 1568 quamcitius.
1051 1496 1138 1552 Circa
1159 1493 1300 1550 kalendas
1327 1492 1425 1556 Junii,

205 1567 324 1643 welfi?
373 1600 424 1637 rex
449 1582 625 1638 certificatus
653 1583 689 1638 de
714 1581 892 1637 desolatione
910 1580 1083 1645 wasconiae,
1109 1579 1220 1635 milites
1245 1595 1347 1633 omnes
1372 1594 1427 1648 per

206 1631 512 1762 ergtzinssngliam
537 1665 594 1721 sibi
613 1665 767 1721 servitium
784 1665 913 1720 militare
937 1664 1075 1720 debentes
1094 1664 1164 1718 fecit
1182 1660 1373 1726 summoneri,
1392 1664 1428 1715 ut

207 1771 356 1825 emem-
372 1751 404 1806 in
429 1750 540 1806 octavis
564 1750 718 1806 Trinitatis
741 1750 837 1822 parati
864 1755 963 1807 essent
987 1750 1064 1821 apud
1090 1750 1271 1812 Portesmue,
1292 1747 1324 1801 in
1340 1746 1427 1802 Wes-

207 1830 321 1881 bssrksor
374 1836 488 1891 coniam
502 1853 570 1890 oum
588 1854 659 1907 rege
677 1835 905 1906 transfretaturi,
925 1841 956 1889 et
973 1851 1038 1889 eam
1055 1833 1092 1888 ad
1111 1833 1271 1888 dominium
1290 1848 1379 1887 suum
1397 1836 1428 1886 et

208 1897 333 1963 ⁶³⁸⁰⁰¹¹5·
374 1938 476 1992 paoem
504 1926 639 1992 potenter
665 1920 840 1976 revocaturi.
879 1917 981 1990 Captis
1007 1918 1127 1972 interim
1152 1934 1246 1987 usque
1275 1915 1314 1971 sd
1342 1913 1427 1970 mille

374 2005 508 2070 navibus,
536 2021 637 2059 earum
664 2004 800 2059 custodes
825 2007 913 2059 vento
938 2006 1069 2057 carentes
1092 2018 1146 2071 per
1169 2005 1230 2055 tres
1248 1999 1291 2054 ibi
1308 2015 1427 2054 menses

375 2106 487 2143 moram
512 2094 726 2157 protraxerunt,
747 2093 777 2142 et
801 2104 862 2151 rex,
881 2086 1019 2141 thesauro
1045 2102 1099 2156 pro
1123 2101 1232 2155 magna
1255 2088 1340 2154 parte
1361 2081 1427 2154 jam

375 2178 555 2242 consumpto,
583 2191 600 2226 a
619 2171 771 2243 proposito
789 2176 836 2226 est
852 2169 1042 2242 praepeditus,
1062 2169 1105 2224 ita
1122 2167 1202 2240 quod
1213 2167 1354 2223 transitus
1374 2166 1427 2220 ille

208 2273 291 2323 Dfflffi
302 2273 334 2322 01·
376 2255 432 2310 Dei
449 2255 601 2310 videretur
620 2256 719 2310 favore
738 2254 908 2309 destitutus.
955 2253 1036 2309 Obiit
1054 2252 1208 2324 episcopus
1226 2249 1428 2306 Landavensis

208 2340 250 2389 the
262 2341 302 2402 tp.
315 2339 346 2389 or*
376 2337 552 2404 Willelmus,
573 2338 656 2409 cujus
675 2338 787 2392 obitum
805 2337 921 2392 oaecitas
939 2337 1087 2408 septennis
1106 2335 1280 2391 subarravit.
1320 2334 1428 2389 Comes

208 2406 329 2482 Llffl‘laff·
376 2422 511 2492 Rogelus
523 2422 621 2492 Bigot,
636 2421 827 2476 marescallus
839 2421 966 2491 Angliae,
986 2421 1078 2475 filiam
1095 2420 1177 2491 regis
1197 2419 1316 2482 Scociae,
1337 2435 1429 2489 quam

208 2473 336 2589 fflfflaff
377 2512 461 2561 antea
479 2512 637 2577 spreverat,
654 2504 767 2576 judicio
785 2505 916 2560 ecclesiae
936 2503 1095 2560 salubriter
1113 2503 1256 2568 eruditus,
1271 2501 1308 2556 ud
1324 2502 1428 2557 matri·
1456 2504 1572 2558 {elasa

209 2554 303 2670 Bigodg
376 2590 507 2645 monium
524 2589 619 2645 libens
638 2589 778 2644 accedeus
797 2594 827 2644 et
850 2594 942 2652 tutus,
968 2588 1116 2659 reaccepit
1135 2587 1165 2642 in
1183 2603 1312 2641 uxorem.
1363 2585 1430 2640 Rex

209 2671 289 2721 tothe
376 2680 484 2738 autom,
516 2680 604 2729 vento
629 2672 681 2728 diu
700 2672 864 2728 desiderato
891 2672 948 2728 sibi
969 2678 1168 2743 prosperante,
1189 2671 1262 2743 viij⁰.
1281 2669 1349 2725 idus
1367 2669 1431 2724 Au·

209 2737 458 2853 dffuffiifflggusti
487 2757 652 2812 valedicens
687 2756 815 2828 Angliae,
852 2756 991 2828 Neptuno
1018 2773 1049 2811 sc
1076 2754 1232 2819 commisit,
1258 2753 1430 2809 constitutis

209 2813 351 2921 ἓοῖῃὲἱο
376 2841 461 2912 regni
485 2839 549 2895 aui¹
578 2840 748 2896 custodibus
773 2839 900 2895 Ricardo
921 2840 1036 2903 comite,
1055 2841 1145 2894 fratre
1166 2841 1240 2903 suo,²
1257 2845 1288 2893 et
1303 2837 1429 2908 regina3

210 2936 346 3002 Thektng,
376 2925 536 2982 commisso
561 2942 662 2980 eorum
687 2923 829 2980 custodiae
856 2923 999 2979 aewndo
1026 2923 1221 2994 primogenito
1242 2939 1303 2977 suo.
1341 2920 1432 2978 Circa

208 3004 332 3063 emberke
376 3009 616 3079 Assumptiouem
635 3026 705 3064 vero
723 3008 815 3062 beatae
833 3007 937 3063 Maria
955 3007 1097 3079 applicuit
1113 3024 1165 3061 rex
1182 3006 1214 3060 in
1229 3005 1429 3071 Wasooniam,

209 3071 340 3187 3¹3?OE
376 3093 453 3163 apud
471 3092 672 3163 Burdegalim.
717 3091 910 3147 Occurrentes
928 3097 1025 3146 autem
1043 3091 1122 3146 cives
1141 3091 1247 3161 ipsum,
1266 3095 1301 3144 ut
1317 3088 1430 3154 decuit,

210 3205 300 3254 dem
377 3181 547 3231 reverenter
566 3182 767 3248 susceperunt.
806 3176 902 3231 Jussit
919 3175 1012 3246 igitur
1029 3175 1098 3229 ilico
1118 3217 1125 3230 .
1148 3216 1154 3229 .
1175 3216 1182 3229 .
1205 3174 1429 3244 ‚confugiente
1443 3182 1565 3235 Edit.

379 3261 523 3332 cujusne
551 3261 662 3315 fecerat
679 3261 815 3324 amicum,
836 3266 866 3315 et
883 3258 1055 3323 Wasconiae,
1075 3277 1151 3322 eum,
1171 3264 1206 3313 ut
1222 3258 1348 3323 dicebat,
1361 3276 1431 3313 oon-
1445 3256 1502 3304 ¹⁴⁰·

211 3341 366 3392 Tbeaneh
379 3345 529 3415 tingentis,
550 3344 646 3398 eidem
673 3343 808 3415 promisit
825 3342 996 3397 dominium.
1045 3342 1207 3396 Audientes
1225 3341 1331 3396 Franci
1350 3342 1431 3413 quod

210 3410 273 3457 md
283 3408 364 3486 l⁰r⁰e⁸
378 3445 430 3482 rex
441 3428 558 3498 Angliae
577 3428 608 3481 in
625 3427 810 3482 Waseoniam
823 3426 1016 3491 adventasset,
1029 3425 1224 3496 timentesque
1239 3425 1430 3481 Pictavenses

211 3475 348 3526 mmm
379 3512 576 3583 transfugium
603 3511 699 3565 facere
724 3510 761 3565 ad
786 3528 889 3582 regem
914 3509 1042 3581 Angliae,
1068 3508 1218 3563 dominum
1248 3527 1350 3563 eorum
1368 3511 1431 3564 fru-

382 3597 489 3666 galem,
509 3613 628 3649 manum
646 3595 717 3648 illuc
735 3594 894 3649 militarem
906 3594 1135 3657 destinaverunt,
1150 3611 1207 3647 nou
1224 3595 1430 3664 permittentes

379 3698 428 3734 eos
455 3680 562 3735 habere
587 3678 750 3733 custodiam
776 3679 823 3733 vel
841 3678 1002 3733 dominium
1021 3684 1182 3732 castrorum
1200 3677 1247 3731 vel
1265 3677 1431 3732 civitatum.

379 3764 419 3819 Et
436 3765 488 3828 sic,
508 3764 578 3818 licet
603 3763 698 3826 inviti,
719 3762 820 3817 fideles
844 3762 949 3825 effecti,
969 3779 1022 3817 nec
1046 3761 1167 3817 Francis
1186 3767 1355 3825 nocuerunt,
1375 3779 1431 3818 nec

212 3852 295 3902 Drsth
308 3852 337 3902 of
379 3847 486 3919 Anglis
516 3846 653 3919 prodesse
689 3851 854 3918 potuerunt.
910 3845 991 3900 Obiit
1025 3845 1150 3900 Thomas
1180 3846 1216 3899 de
1246 3845 1429 3910 Hertfordia,

213 3918 324 3969 Th⁰¹¹¹¹¹⁸
335 3918 364 3969 ⁰f
379 3931 600 3986 archidiaconus
612 3928 922 3993 Northamhumbriae,³
931 3930 961 3983 in
972 3929 1081 3984 octavis
1092 3931 1184 3984 sancti
1197 3929 1357 3993 Laurentii,
1372 3930 1430 3984 fine

211 3984 367 4101 ggffgfflon
381 4022 479 4072 sancto
497 4021 527 4070 ot
543 4014 637 4070 beato.
675 4013 735 4068 Hic
754 4012 925 4084 quandoque
943 4013 1021 4068 beati
1039 4013 1195 4078 Edmuudi,
1210 4013 1431 4069 Cautuariensis

213 4117 343 4168 monh.
380 4099 600 4172 archiepiscopi,
621 4097 784 4168 discipulus
811 4097 841 4150 in
867 4097 954 4161 scola,
975 4103 1005 4151 et
1023 4098 1118 4152 socius
1143 4098 1239 4153 extitit
1257 4099 1429 4166 familiaris;

213 4185 367 4237 umberland
381 4185 457 4239 unde
483 4185 581 4252 factus
604 4183 631 4236 ei
658 4199 750 4252 usque
769 4180 806 4234 ad
823 4188 947 4236 mortem
966 4181 1157 4247 simillimus*
1180 4183 1256 4237 sieut
1273 4189 1304 4237 et
1321 4185 1431 4255 magis-

416 4482 422 4512 ¹
440 4482 493 4546 sm]
513 4496 551 4541 su,
561 4479 618 4531 MS.
960 4477 1227 4544 ³Northumluonbric]
1241 4478 1429 4541 Northambrie‚

928 4557 983 4607 MS.

414 4639 423 4670 ·“
440 4637 498 4701 suo]
516 4653 567 4696 sue,
579 4637 633 4687 MS.
962 4640 971 4667 ⁴
988 4635 1134 4703 emittimus]
1154 4637 1296 4699 similimus,
1307 4637 1364 4691 MS.
