3278 5610
403 820 450 872 ou
471 820 630 872 ruinosa
652 820 753 871 asom
776 819 921 870 suanm
944 819 1065 870 rsnru.
1183 805 1247 870 259

205 999 244 1056 Et
255 1015 292 1056 ne
302 999 451 1072 repulsam
468 1005 646 1072 paterentur,
667 997 864 1072 promiserunt
881 997 996 1054 domino
1007 1015 1090 1070 papae
1102 998 1246 1055 infinitam
1260 996 1328 1050 Ad).
1343 1005 1414 1052 1229.

205 1085 357 1156 pecuniam
375 1084 412 1140 ab
429 1085 539 1156 Anglis
555 1083 758 1157 colligendam.
796 1082 918 1138 Dixerat
937 1124 944 1138 .
965 1123 972 1136 .
992 1123 999 1138 .
1018 1082 1171 1139 desiderio.
1207 1079 1370 1139 AtRichsrd

205 1168 339 1224 domiuus
360 1209 367 1222 .
389 1209 396 1222 .
417 1210 424 1224 .
445 1170 652 1240 imperatorem
670 1168 805 1224 sitienter
823 1208 831 1223 .
851 1209 858 1221 .
878 1208 885 1223 .
905 1166 943 1222 ad
960 1184 1142 1224 consensum.
1178 1167 1248 1223 Gas-
1260 1146 1413 1263 123&th

205 1258 269 1308 sats
285 1253 379 1323 igitur
396 1252 537 1309 electione
555 1252 688 1318 Walteri,
702 1252 836 1308 monachi
855 1250 1084 1318 Oantuariensis,
1098 1258 1248 1323 promotus
1260 1278 1348 1344 Μῦν
1359 1281 1389 1330 „f

204 1342 251 1392 est
279 1337 310 1392 in
339 1335 513 1410 dignitatem
549 1336 768 1393 Oantusrieuaie
804 1336 1071 1407 archiepiscopatus
1106 1335 1248 1407 magister
1261 1344 1363 1396 Cancr-

204 1421 358 1486 Ricardus‚
387 1427 578 1494 cognomento
604 1421 742 1492 Magnus,
767 1420 862 1477 lector
891 1422 922 1476 in
947 1420 1104 1493 theologia,
1135 1420 1248 1476 osncel·
1260 1412 1331 1477 bury.

205 1507 295 1563 larius
321 1506 469 1564 eccclesiae
494 1506 717 1562 Lincolniensis.
753 1504 829 1561 Onm
856 1511 955 1561 autem
974 1505 1176 1578 cognovisset¹
1194 1506 1247 1561 im-

204 1599 320 1665 perator
339 1592 495 1665 imperium
514 1608 601 1647 suum
612 1597 712 1662 patore
730 1590 905 1655 discrimini,
926 1591 1103 1671 significavit
1121 1590 1247 1648 Soldano

205 1715 321 1733 .....
340 1678 460 1734 evitare.
496 1675 580 1745 Quod
597 1693 664 1731 cum
683 1674 826 1730 Soldanns
845 1676 985 1741 audisset,
1008 1677 1129 1748 gavisus
1152 1676 1248 1730 omnia

204 1762 363 1827 concessit;
393 1769 423 1817 et
440 1761 483 1817 sio
502 1760 629 1816 feliciter
647 1760 758 1816 iactum
775 1766 830 1816 est.
867 1759 943 1816 (ium
961 1766 1059 1817 autem
1076 1776 1133 1833 pax
1150 1759 1246 1815 firma·

203 1852 295 1910 retur,
321 1847 489 1917 imperator,
509 1852 664 1918 antequam
690 1845 896 1901 memorarer
926 1845 963 1900 ad
992 1845 1120 1918 propris,
1151 1843 1246 1900 voluit

204 1932 337 1986 omnibus
354 1931 450 1986 modis
467 1931 533 1987 loca
550 1937 651 1987 sancta
668 1931 945 1986 oraturusvisitsre.
981 1931 1099 1986 Etcum
1111 1935 1249 2001 pergeret
1260 1937 1315 1987 'l'he

204 2014 241 2069 ad
265 2016 374 2070 fluenta
400 2014 548 2080 Jordanis,
568 2015 766 2086 significatum
792 2016 850 2071 iuit
869 2014 996 2070 Soldsuo
1014 2032 1032 2070 a
1049 2013 1247 2087 proditoribus
1261 2004 1369 2054 ‘nemlffl

203 2100 398 2170 imperatoris,
427 2099 563 2171 quodibi
589 2100 694 2154 leviter
711 2099 809 2155 nudus
833 2099 943 2172 pedes²
962 2099 1039 2154 etin
1063 2098 1156 2153 laneis
1182 2098 1247 2170 capi
1259 2070 1339 2121 ΜΘ

202 2183 306 2255 potuit,
326 2184 407 2239 nullo
424 2184 604 2255 prohibente.
642 2183 726 2252 Quod
750 2201 818 2239 cnm
835 2184 967 2240 audisset
986 2182 1141 2246 Soldsnus,
1160 2181 1248 2236 mira·
1259 2153 1402 2268 ξῃιῇᾝω

203 2267 288 2323 batur
313 2269 350 2322 de
377 2274 465 2324 nuta
489 2268 662 2340 proditionis
688 2269 879 2324 immanitate.
918 2267 975 2337 Qui
993 2272 1091 2322 sutem
1108 2267 1247 2321 honorem
1259 2271 1411 2335 tenayhin

201 2351 315 2423 Templi
341 2358 372 2407 et
397 2352 561 2423 Hospitalis
591 2351 711 2406 minime
742 2351 880 2424 diligunt,
911 2352 974 2407 haec
1003 2351 1065 2406 illia
1095 2351 1248 2423 imponunt
1259 2345 1285 2387 ¹⁰
1296 2338 1339 2387 ‘¹¹⁰

202 2437 385 2490 mentientes.
423 2436 490 2490 Non
516 2437 594 2490 enim
619 2436 769 2501 credibile,
789 2443 824 2493 ut
840 2455 858 2491 a
875 2437 947 2492 viris
965 2436 1116 2507 religiosis
1135 2442 1248 2491 tantum
1260 2404 1360 2455 &lm

202 2520 303 2575 neias³
321 2521 485 2584 scaturiret,
511 2521 583 2576 licet
607 2538 712 2593 papam
735 2522 840 2592 juvare
867 2520 1046 2577 viderentur.
1086 2521 1247 2576 Solemus*

202 2604 233 2658 in
251 2610 460 2674 argumentum
477 2604 555 2668 fidei,
576 2605 677 2659 literas
695 2605 762 2660 illas
781 2604 970 2660 detestabiles
982 2605 1249 2676 transmisitimpe-

202 2688 309 2753 ratori;
328 2687 406 2742 unde
433 2688 566 2743 omnibus
584 2689 653 2744 vitm
679 2708 780 2745 eornm
804 2688 909 2745 diebus
929 2690 1048 2746 luerunt
1066 2689 1246 2745 amicissimi.

203 2770 341 2826 Gaudens
366 2772 460 2843 igitur
478 2771 637 2842 imperator
656 2773 732 2843 quod
751 2771 872 2843 laqueos
891 2773 1075 2830 absconditos
1095 2773 1245 2834 evasisset.

201 2856 357 2911 remeando
382 2854 592 2910 transfretavit.
641 2853 853 2910 Verumtamen
884 2856 939 2912 hoo
969 2859 1028 2914 fuit
1057 2859 1246 2914 seminarium

202 2939 262 2994 odii
279 2939 357 2994 inter
374 2940 580 3010 imperatorem
598 2942 628 2992 et
644 2935 827 3010 Templarios
845 2957 957 2996 necnon
975 2949 1005 2997 et
1022 2941 1245 3013 Hospitalarios.

202 3021 346 3095 Magister
377 3021 553 3093 Stephanus,
580 3020 690 3076 domini
717 3040 800 3094 papae
826 3025 1029 3090 cancellarius,
1057 3027 1187 3080 mittitur
1217 3025 1248 3079 in
1261 3024 1399 3105 'l'hepspsl

201 3105 341 3180 Angliam
365 3124 472 3177 magna
496 3112 626 3161 armatus
653 3110 806 3177 potestate,
826 3107 864 3162 sd
882 3107 1075 3181 colligendam
1094 3109 1245 3172 decimam,
1261 3107 1364 3152 'mmm’

200 3198 288 3264 prout
312 3192 340 3246 ei
364 3192 461 3247 iuerat
484 3189 637 3261 promissa,
676 3188 733 3261 Qui
753 3208 820 3246 cum
838 3192 969 3247 venisset
986 3193 1017 3247 in
1034 3192 1183 3264 Angliam,
1202 3209 1247 3247 re·
1262 3158 1380 3274 ἥξω

201 3283 302 3348 ceptus
331 3283 362 3331 et
386 3280 522 3346 acceptus
552 3279 599 3330 est
627 3275 694 3346 regi
725 3279 755 3329 et
783 3275 933 3347 regalibus
959 3276 1115 3340 universis,
1143 3274 1189 3329 illi
1215 3277 1246 3330 in
1260 3240 1385 3355 {glana

200 3360 334 3416 omnibus
360 3357 481 3431 agendis
503 3358 565 3413 suis
583 3357 779 3430 patrocinium
804 3358 986 3414 conferendo.
1037 3360 1119 3415 Laici
1148 3364 1246 3414 tamen

200 3445 269 3500 huic
294 3444 435 3500 exactioni
462 3459 634 3498 consensum
655 3442 776 3498 minime
794 3444 992 3514 praebuerunt.
1030 3443 1246 3499 Consenserunt

201 3533 298 3584 sutem
317 3529 375 3583 viri
394 3527 598 3592 ecclesiastici,
616 3527 746 3599 undique
772 3527 913 3600 suffragio
931 3528 1074 3594 destituti,
1091 3529 1123 3583 in
1139 3528 1245 3583 mentis

199 3618 319 3668 cruenta
337 3612 531 3667 amaritudine
558 3610 633 3665 illud
655 3611 764 3683 jugum
790 3611 942 3667 servitutis
966 3619 997 3667 et
1020 3611 1245 3684 depraedationis

199 3697 366 3753 subeuntes.
403 3695 503 3766 Hujus
530 3701 629 3750 autem
654 3693 835 3750 collectionis
862 3696 969 3750 seriem
998 3702 1029 3751 et
1054 3696 1244 3751 collectorum
1258 3697 1418 3766 Tyrannycs

198 3780 374 3836 tirannidem
402 3779 427 3834 ei
455 3779 521 3849 quis
549 3777 665 3849 plenius
696 3784 899 3850 exequeretur,
928 3778 1064 3834 lacrimas
1095 3785 1245 3835 excuteret
1258 3764 1375 3818 ffirma-

199 3866 397 3921 barbarorum.
435 3861 571 3918 Habebat
597 3863 675 3917 enim
700 3862 796 3919 dictus
816 3864 980 3935 Stephanus
1005 3868 1179 3935 potestatem
1198 3881 1244 3918 ex·
1257 3834 1377 3949 3⁸⁵(oe

199 3948 430 4006 communicandi
449 3965 549 4002 omnes
566 3947 825 4003 contradictionem
843 3948 891 4003 rel
910 3948 1000 4002 etism
1017 3947 1188 4003 dilationem
1213 3947 1243 4002 in
1257 3915 1388 4030 payffltss

200 4035 343 4092 solutione
362 4032 494 4106 pecumae
520 4031 672 4097 iacienda;
692 4031 770 4087 unde
794 4032 852 4087 viri
877 4030 1069 4087 ecclesiastici
1087 4030 1174 4085 blada
1191 4048 1245 4086 eus
1258 4032 1338 4083 cfthe

199 4126 230 4175 et
258 4136 375 4175 omnem
405 4117 639 4173 substanceclam
668 4134 762 4180 suam,
794 4115 884 4171 immo
915 4116 1004 4170 etiam
1031 4113 1244 4185 supellectilem
1258 4099 1335 4151 ΜΨ

199 4223 290 4270 suam,
308 4222 368 4260 non
395 4202 556 4259 secundum
580 4201 718 4272 pretium,
743 4200 794 4256 sed
819 4200 856 4255 ad
880 4200 1039 4255 ementium
1064 4198 1244 4253 voluntatem

199 4290 323 4346 vendere
351 4289 540 4362 cogebantur.
577 4287 617 4341 Et
640 4292 707 4357 post
734 4284 894 4356 plenariam
920 4285 1103 4346 solutionem,
1121 4299 1178 4338 uon
1196 4281 1244 4338 de·

199 4373 294 4430 ductis
320 4374 464 4447 expensis,
491 4373 569 4426 iacta
598 4375 643 4425 est
672 4369 825 4441 inquisitio
854 4367 1013 4424 durissima
1039 4375 1070 4424 et
1096 4367 1245 4423 dirissima

201 4473 290 4530 super
306 4462 454 4523 insontes3
474 4458 505 4512 iu
523 4454 692 4528 quaomnia
711 4458 862 4508 accusator
880 4452 1099 4519 exaudiebatur,
1113 4458 1144 4507 et
1160 4469 1244 4508 accu-

235 4624 422 4690 ¹co9rovirset]
442 4621 690 4688 congnoviseet,MS.
722 4655 723 4662 κ
778 4619 941 4683 ⁴Soldausr]
985 4618 1094 4670 Written
1125 4620 1184 4684 only
1214 4619 1243 4670 S.

234 4704 347 4770 spese]
365 4702 501 4768 perena.
722 4668 1095 4779 §mussemutinae
1115 4713 1149 4762 ep
1170 4700 1244 4763 eya

235 4784 346 4852 ’seseq
365 4783 467 4848 nephas,
477 4781 534 4834 MS.
723 4780 810 4839 21⁸1oe
820 4778 895 4830 hand
1088 4861 1109 4925 2

591 4875 598 4896 ¹
1040 4876 1065 4926 Β
