3278 5610
366 792 414 841 nn
435 790 596 840 rrmroua
617 787 720 839 arms
743 787 898 849 nesarci,
920 788 987 838 vrz.
1009 789 1133 843 maru.
1225 776 1286 840 125

232 965 356 1032 terium
378 965 672 1052 elegantissimum,
697 987 795 1052 opere
825 964 1013 1030 admirabili
1036 988 1074 1030 ac
1096 972 1288 1051 sumptuoso
1301 969 1371 1021 Μ).
1384 977 1456 1024 12⁵2.

233 1069 341 1146 nimis,
359 1065 471 1154 Hugo,
494 1067 642 1154 ejusdem
664 1068 727 1133 loci
746 1068 926 1153 episcopus,
942 1067 1083 1153 propriis
1099 1069 1288 1154 sumptibus

232 1192 337 1257 usque
359 1171 403 1236 ad
422 1168 653 1256 perfectionem
674 1176 914 1235 construxerat.
953 1168 1070 1235 Obiitl
1087 1168 1286 1256 Margareta,
1300 1180 1385 1231 neoth
1396 1183 1427 1232 of

233 1273 400 1339 comitissa
432 1272 474 1338 de
508 1272 633 1349 Insula,
663 1273 756 1338 dicta
776 1273 818 1337 de
842 1272 995 1358 Ripariis‚
1023 1271 1141 1336 relicta
1163 1272 1288 1337 scilicet
1300 1246 1440 1313 Margaret,

1300 1322 1414 1366 countcss
1424 1318 1456 1367 de

235 1375 384 1456 Falcasii,
406 1375 536 1462 dequo
565 1375 672 1441 multa
701 1373 982 1461 prascribuntur;
1016 1374 1058 1438 de
1092 1373 1164 1459 ipso
1199 1374 1288 1439 enim
1301 1379 1399 1441 nivers,

234 1477 378 1544 multum
399 1478 535 1545 fortuna
557 1478 646 1555 lusit,
671 1477 781 1563 ipsum
804 1476 940 1542 tandem
964 1474 1160 1544 deludendo,
1300 1446 1457 1578 {mia

1300 1577 1434 1648 Brcsuth.

325 1738 374 1805 De
395 1758 521 1824 mopso
538 1735 765 1823 parlanwato,
789 1735 881 1823 quod
895 1734 972 1822 scit
994 1736 1195 1805 cosmo-sita

280 1905 380 1971 Festo
402 1910 513 1969 antem
536 1904 626 1970 beati
656 1904 814 1969 Edwardi
837 1902 1057 1981 imminente,2
1076 1904 1187 1971 edicto
1209 1925 1287 1970 con·
1326 1917 1426 1969 raoa

234 2007 344 2073 vocati
366 2007 464 2094 regio,
481 2006 587 2072 totius
603 2005 735 2092 Angliae
758 2005 891 2092 praelati
914 2012 950 2072 et
971 2013 1144 2093 magnates
1167 2028 1286 2072 conve·
1300 1983 1448 2100 ffilt'ffi

235 2113 363 2175 nerunt
421 2108 566 2173 Protulit
600 2127 677 2194 ergo
707 2129 767 2173 rex
795 2107 833 2171 in
864 2108 1010 2173 medium
1045 2108 1161 2195 papale
1194 2131 1286 2173 man-
1300 2116 1397 2167 heldat

235 2212 358 2290 datum,
393 2210 482 2296 quod
515 2207 670 2276 videlicet
707 2211 893 2275 contulerat
931 2210 1001 2297 regi
1035 2211 1286 2297 peregrinaturo
1300 2182 1417 2330 ἕξω·

234 2334 391 2398 cruceque
412 2312 544 2398 signato
574 2318 681 2376 totam
704 2311 866 2377 decimam
896 2318 1120 2397 proventuum
1143 2282 1458 2394 ealesiaeaiaaii*

234 2414 436 2501 Anglicanae,
452 2415 496 2478 ad
514 2415 637 2478 viatica
657 2435 717 2478 sna
740 2414 918 2480 honorifice
941 2414 1149 2481 invenienda
1190 2415 1288 2496 Quod
1300 2400 1452 2515 ἪᾏΒ

236 2537 310 2581 cum
341 2516 494 2581 auditum
531 2519 617 2579 esset
651 2520 686 2580 et
720 2515 900 2602 diligenter
932 2522 1117 2602 pensatum,
1152 2480 1426 2583 omnes⁸ineia3

236 2617 461 2685 inaestimabili
493 2616 604 2684 dolore
636 2617 880 2695 sauciabantur,
905 2624 940 2684 et
967 2622 1160 2685 constanter
1182 2625 1288 2687 tantae
1301 2598 1456 2715 {2¹30sz

235 2719 474 2787 contributioni
488 2740 528 2783 ac
550 2719 707 2785 servituti
730 2720 992 2786 contradicentes
1020 2720 1187 2801 dicebant,
1201 2722 1441 2807 quodtheking’c

235 2822 265 2887 si
301 2843 387 2908 papa
424 2825 477 2885 tot
515 2820 781 2907 oppressionibus
813 2822 914 2887 sciret
947 2821 1105 2909 Angliam
1143 2823 1288 2911 fatigari,
1302 2812 1356 2848 ¹¹⁸⁰·

235 2945 370 2988 manum
393 2921 575 2988 retraheret
605 2926 712 2988 tantae
738 2924 936 3003 severitatis,
960 2925 1027 3004 sed,
1052 2931 1208 3011 suggesta
1229 2924 1290 2989 fal·

77 3042 215 3095 sollus.
235 3026 335 3090 sitate
357 3030 393 3092 et
413 3046 590 3112 suppressa
612 3025 762 3104 veritate,
785 3024 1022 3110 decipiebatur,
1046 3031 1087 3091 ut
1109 3026 1289 3092 certissime

234 3127 438 3194 credebatur.
477 3126 717 3192 Lincolniensis
743 3148 820 3190 vero
843 3126 1016 3213 episcopus
1039 3128 1199 3193 assertive
1214 3149 1290 3214 pro·
1302 3149 1411 3201 Itisre·

234 3230 429 3308 testabatur,
462 3228 552 3314 quod
584 3248 670 3314 papa
701 3228 753 3291 ita
784 3226 962 3303 ecclesiam,
995 3248 1093 3312 quam
1126 3228 1290 3294 Dominus
1304 3216 1382 3266 sm

233 3333 398 3409 liberavit,
429 3353 636 3417 nequaquam
673 3327 843 3394 subderet⁴
873 3329 1039 3408 servituti,
1071 3330 1151 3415 quia
1184 3330 1289 3393 mani·

234 3434 316 3499 feste
345 3432 509 3518 injustum
542 3437 600 3497 est.
647 3431 721 3495 Rex
755 3431 860 3516 igitur
891 3430 1065 3495 humiliter
1096 3432 1289 3516 postulavit,
1302 3457 1393 3525 fleury

235 3542 283 3612 ut,
306 3535 400 3599 nulla
422 3533 622 3599 auctoritate
656 3533 767 3619 papali
790 3532 844 3597 vel
877 3533 943 3597 alia
977 3533 1137 3620 compulsi
1160 3526 1441 3643 distm'c-beffiora

235 3637 336 3714 tione,
374 3636 432 3700 sed
476 3641 636 3720 tanquam
675 3634 809 3699 domino
847 3656 907 3699 suo
945 3635 1145 3721 supplicanti
1183 3606 1333 3702 cruce·su
1387 3609 1413 3659 5·

236 3739 376 3825 signato,
414 3741 449 3801 et
485 3758 545 3822 pro
583 3735 706 3800 honore
743 3735 940 3800 universalis
978 3736 1121 3802 ecclesiae
1156 3736 1290 3803 Christo
1303 3785 1344 3835 'rh

237 3840 432 3916 militatum,
478 3837 666 3904 conferrent
703 3837 887 3902 subsidium
924 3839 1100 3924 pecuniane
1133 3860 1223 3904 mera
1252 3861 1290 3904 ac
1303 3802 1451 3931 blaesillae

236 3945 420 4029 spontanea
451 3941 631 4005 voluntate.
687 3938 823 4004 Praelati
861 3939 966 4025 igitur
998 3940 1217 4026 aequanimius
1254 3920 1449 4049 8θὲὲὲξίῗο

236 4043 397 4109 habentes
433 4040 682 4128 responderunt,
718 4040 807 4126 quod
838 4042 995 4126 quicquid
1031 4063 1090 4107 rex
1128 4041 1289 4108 hactenus
1301 4051 1430 4118 fsithsully

237 4145 352 4233 egerit,
383 4144 412 4209 si
447 4143 487 4208 de
517 4148 624 4208 cetero
649 4142 782 4208 Cariam
816 4144 974 4229 Magnam
1006 4142 1045 4208 dc
1075 4143 1289 4211 libertatibus
1302 4118 1455 4236 diffisis

238 4246 341 4334 regni,
365 4267 466 4332 quam
497 4249 592 4331 pater
623 4266 703 4309 suus
726 4243 866 4308 confecit
897 4250 931 4310 et
954 4250 1065 4310 tencre
1092 4244 1233 4330 juravit,
1256 4254 1291 4314 et
1303 4250 1332 4337 οξ
1339 4252 1382 4302 the

239 4350 309 4436 ipse
340 4370 401 4414 rex
434 4369 577 4434 praesens
611 4347 735 4411 totiens
768 4346 921 4431 promisit
943 4351 978 4412 et
1010 4353 1122 4413 tenere
1150 4349 1289 4435 juravit,
1304 4320 1417 4437 (effer,

242 4488 349 4498 ———

276 4544 283 4574 ¹
301 4543 333 4592 ln
344 4542 375 4591 B.
386 4541 430 4592 the
444 4543 501 4591 date
519 4539 547 4590 of
564 4540 610 4589 her
628 4540 702 4590 death
720 4541 742 4591 is
764 4555 772 4650 1
826 4540 944 4649 ζοηιηω]
962 4540 1083 4605 omnium,
1094 4543 1152 4596 MS.

241 4621 326 4687 given,
337 4619 393 4670 “vi.
407 4634 467 4669 non.
482 4619 542 4684 [sd]
559 4619 634 4669 Oct.”

852 4616 977 4685 subderat]
997 4621 1111 4687 subdere,
1122 4624 1179 4677 MS.

275 4703 286 4731 ²
303 4698 450 4765 imminente]
469 4697 598 4760 immerite,
610 4696 666 4749 MS.
765 4658 772 4756 l
