3278 5610
370 778 435 841 212
456 791 619 841 narrem
641 790 854 843 rsmsmrsm
875 790 1106 842 mnsnvmno
1129 789 1390 840 oueomcosuu.

370 1013 378 1028 .
394 1015 401 1028 .
422 1015 430 1030 .
448 1015 458 1030 .
472 976 570 1031 hostes
584 972 705 1042 Christi,
717 993 822 1031 navem
834 975 965 1031 clanculo
977 972 1108 1031 ascendit
1119 978 1150 1029 et
1166 973 1262 1030 subito
1279 968 1413 1026 recessit.
1428 964 1466 1016 H·
1479 963 1516 1017 A·
1529 963 1557 1018 ii·

369 1056 436 1113 cito
453 1066 520 1131 pose
538 1059 656 1131 quidam
674 1058 832 1124 emesan,
858 1058 980 1130 obligati
1005 1057 1071 1129 regi
1096 1057 1232 1122 nicaeo,
1258 1036 1473 1110 nunciare-²⁹·

368 1148 438 1198 runt
461 1144 643 1199 maximam.
666 1185 673 1199 .
694 1185 701 1198 .
724 1144 875 1199 ‚maxime
901 1143 1088 1207 victualibus,
1118 1142 1232 1198 scilicet
1256 1141 1412 1201 frumento,
1427 1135 1591 1187 Ibidiito.

370 1267 378 1282 .
394 1268 400 1281 .
417 1269 423 1282 .
437 1233 468 1283 et
478 1227 688 1283 consimilibus.
716 1226 794 1296 Quos
807 1245 906 1283 omues
918 1245 986 1283 cum
998 1228 1059 1284 suis
1072 1225 1239 1282 caravanis¹
1251 1242 1304 1280 rex
1310 1223 1413 1277 Ricar-

205 1308 309 1363 Affront
369 1311 425 1367 dus
442 1312 529 1384 cepit.
579 1311 657 1384 Ipsis
683 1311 795 1378 diebus,
823 1330 890 1367 cum
916 1311 1039 1367 lis...
1064 1307 1413 1380 Austriaeetcujusdum

204 1376 336 1493 ffilfkw
367 1395 509 1467 armigeri
526 1395 698 1462 Normenni,
718 1402 749 1452 et
765 1396 948 1468 querimonia
963 1396 1002 1451 ad
1019 1413 1105 1451 aures
1123 1396 1204 1467 regis
1222 1391 1358 1450 commoti
1376 1409 1413 1446 ex

205 1460 324 1563 Amul-&⁰
332 1445 456 1535 ⁰fdictis
474 1480 708 1536 Normannorum
726 1478 917 1545 reboantium,
944 1497 996 1535 rex
1020 1479 1238 1553 precipitanter
1261 1475 1411 1550 praecepit,

369 1570 404 1618 ut
420 1563 561 1619 vexillum
587 1561 670 1619 ducis
695 1564 727 1618 iu
753 1564 880 1619 cloacam
905 1563 1121 1635 projiceretur.²
1155 1563 1196 1618 Et
1220 1562 1262 1617 sic
1280 1561 1414 1634 privatus

370 1653 416 1704 est
432 1647 492 1703 dux
508 1648 644 1720 hospitio,
661 1649 776 1720 probris
788 1648 1023 1704 Normaunorum
1040 1647 1204 1703 lacessitus.
1242 1646 1309 1700 Dux
1321 1645 1415 1714 igitur

370 1732 428 1788 cito
454 1737 556 1804 postea
580 1732 675 1788 iratus
701 1738 731 1787 ct
754 1733 859 1798 tristis,
886 1733 1016 1805 reposita
1040 1750 1129 1803 super
1153 1732 1212 1787 hiis
1236 1730 1299 1785 Deo
1318 1729 1415 1800 queri-

369 1816 476 1879 monia,
493 1814 530 1870 ad
547 1816 666 1888 propria
683 1817 835 1872 remeavit.
874 1815 999 1885 Quidam
1025 1816 1170 1871 heremita
1195 1820 1312 1871 sanctus
1330 1829 1414 1868 reve-

368 1899 443 1956 lavit
459 1899 525 1970 regi
543 1899 678 1966 Ricardo‚
705 1900 872 1957 Jerusalem
897 1906 966 1956 tunc
992 1917 1050 1955 nou
1077 1901 1138 1955 sore
1164 1897 1351 1970 capiendam
1377 1896 1415 1951 de

369 1983 454 2055 cujus
482 1983 636 2039 sanctitate
654 1988 685 2040 et
701 1984 773 2040 dicti
791 1985 916 2040 veritate
935 1984 1006 2040 satis
1024 2001 1078 2055 per
1097 1984 1183 2054 signa
1207 1980 1417 2051 consequentia

369 2065 593 2132 certificabatur,
621 2067 673 2122 sed
698 2069 753 2122 hoc
771 2068 802 2123 iu
827 2068 1030 2124 Historiarum
1053 2065 1255 2138 plenitudine³
1271 2065 1415 2137 prolixius

203 2141 328 2194 Dfflffi⁰f
369 2149 547 2205 enucleatur.
597 2149 664 2205 Dux
676 2150 867 2223 Burgundios,
880 2157 978 2206 mente
992 2151 1146 2216 alienatus,
1161 2167 1226 2206 sese
1245 2150 1415 2221 discerpens

201 2208 245 2325 ἷξε
257 2209 453 2327 omaofqmi
471 2234 502 2287 in
519 2234 705 2291 manifestam
717 2235 869 2300 ultionem,
883 2234 972 2300 obiit;
994 2234 1045 2307 qui
1064 2235 1096 2289 in
1112 2234 1288 2290 necessitate
1300 2249 1417 2288 summa

226 2291 308 2341 mmm
324 2293 350 2344 γ’
367 2316 433 2387 regi
451 2315 579 2371 Ricardo
597 2318 754 2373 constituto
772 2318 868 2374 noluit
891 2318 1058 2389 suffragari.
1097 2318 1161 2372 Rex
1180 2317 1258 2372 enim
1276 2317 1346 2372 dum
1364 2315 1415 2371 ob·

369 2399 458 2456 sessis
477 2399 554 2470 apud
571 2399 590 2455 J
592 2418 666 2473 open
683 2401 832 2457 festinavit
849 2401 1016 2466 subvenire,
1032 2401 1187 2457 Saledinus
1206 2402 1333 2464 interim,
1353 2416 1415 2455 cre-

201 2487 324 2566 l'meeed·
368 2484 430 2539 bris
449 2483 607 2540 insultibus
625 2485 698 2541 urbe
716 2491 809 2557 capta,
828 2493 928 2557 captos
942 2486 1035 2557 jussit
1061 2486 1177 2557 perimi,
1205 2486 1333 2556 quinque
1351 2489 1415 2538 tan·

202 2568 259 2670 3⁰8⁸
270 2563 297 2606 Εἴ
368 2574 432 2624 tum
449 2566 487 2622 de
504 2569 755 2638 prestantior-ibus
772 2570 950 2636 reservatis;
970 2570 1022 2625 sed
1039 2570 1098 2640 ipsi
1116 2569 1312 2627 strenuissimi
1329 2567 1415 2622 valde

222 2635 293 2685 Ψ*
369 2651 534 2716 evadentes,
549 2654 774 2709 seseinturrim
790 2654 986 2727 receperunt.⁴
1021 2654 1085 2709 Rex
1097 2661 1204 2719 autem,
1219 2653 1303 2725 quasi
1314 2652 1416 2723 fulgur

369 2735 587 2808 superveniens,
609 2738 738 2810 seipsum
763 2744 793 2795 et
817 2738 930 2812 paucis,
950 2738 1001 2810 qni
1025 2756 1093 2794 cum
1116 2757 1151 2794 eo
1174 2744 1315 2795 venerant
1350 2754 1416 2792 con-

370 2820 559 2893 sequentibus
587 2820 639 2877 sed
659 2822 882 2890 strenuissimis,
911 2823 1066 2896 prosiliens
1093 2824 1128 2878 de
1154 2824 1223 2879 navi
1248 2822 1280 2877 in
1303 2820 1415 2876 medios

371 2907 479 2969 hostes,
499 2905 632 2977 projecit,
659 2911 690 2962 et
716 2925 918 2979 prorumpens,
946 2914 1085 2979 tanquam
1104 2908 1150 2963 sui
1168 2907 1320 2979 prodigus,
1347 2904 1415 2960 hinc

371 2992 439 3049 iude
464 2992 565 3048 hostes
591 2990 700 3047 multos
729 2991 898 3047 trucidavit.
938 2991 1021 3061 Quod
1047 2991 1181 3047 videntes
1207 2991 1257 3062 qui
1282 2990 1314 3044 in
1339 2988 1416 3044 turri

372 3085 462 3145 erant,
483 3080 621 3135 exeuntes
639 3075 799 3131 animosius
811 3076 876 3146 regi
889 3076 1067 3132 festinabant
1077 3075 1223 3130 auxiliari.
1261 3074 1414 3128 Exercitus

370 3169 469 3219 autem
482 3160 623 3223 saladini,
639 3177 726 3231 quem
743 3160 807 3231 ipse
825 3159 979 3216 Saladinus
998 3161 1164 3215 exhortator
1182 3159 1301 3215 sedulus
1314 3175 1416 3228 seque·

369 3246 465 3313 batur,
484 3245 587 3302 videns
613 3243 827 3300 animositatem
850 3245 932 3316 regis
963 3250 993 3300 et
1023 3261 1152 3307 suorum,
1183 3260 1306 3315 quorum
1324 3240 1416 3312 gladii

366 3331 429 3401 jam
448 3331 590 3402 sanguine
608 3328 838 3393 inebriabantur,
865 3330 1006 3399 fugerunt
1031 3329 1113 3383 ocius
1131 3346 1234 3382 versus
1249 3325 1414 3388 Remulum,

370 3415 545 3471 Salehadino
560 3411 605 3484 [in
618 3411 737 3484 curru]⁶
749 3412 851 3484 rapido
864 3419 1008 3469 currente.
1047 3413 1083 3467 Iu
1096 3413 1223 3468 crastino
1235 3418 1332 3467 autem
1344 3428 1416 3465 nun-

370 3500 501 3555 ciatum.
523 3540 530 3553 .
552 3540 559 3552 .
578 3497 756 3568 paucissimo
786 3497 916 3552 exercitu
947 3497 1018 3551 illuc
1048 3496 1218 3561 advenisse,
1252 3494 1303 3550 sed
1323 3537 1329 3549 .
1352 3536 1359 3548 .
1380 3535 1386 3548 .
1406 3503 1593 3564 .1binii‚35‚

369 3583 517 3638 habuisse.
555 3579 613 3648 Qui
631 3586 738 3645 tamen,
752 3585 871 3652 propter
883 3580 1022 3635 audacem
1041 3597 1142 3635 eorum
1160 3581 1309 3650 impetum,
1324 3578 1416 3633 multa

370 3666 454 3721 milia
471 3664 588 3720 milium
612 3663 654 3718 ibi
680 3663 771 3718 fuisse
796 3662 999 3719 credebantur.
1036 3662 1148 3718 Puduit
1166 3664 1259 3734 igitur
1277 3667 1307 3717 et
1324 3662 1415 3732 poeni·
1443 3670 1489 3722 fol.
1502 3677 1539 3723 33
1550 3673 1575 3726 t.

371 3751 429 3807 tuit
447 3749 545 3823 ipsum
564 3747 737 3804 Saledinum
754 3765 773 3802 a
790 3765 893 3820 campo
911 3747 1007 3819 praelii
1025 3749 1183 3803 recessisse
1202 3748 1264 3802 sine
1281 3745 1413 3811 victoria,

371 3853 439 3891 cum
468 3849 607 3889 numerus
639 3830 686 3887 sui
713 3830 857 3885 exercitus
884 3836 955 3886 tunc
981 3830 1086 3886 fuisset
1110 3831 1250 3894 infinitus,
1279 3835 1309 3885 et
1334 3829 1415 3900 regis

371 3916 509 3973 Ricardi⁶
527 3915 626 3970 nullus
644 3919 807 3986 reputatus.
844 3913 928 3969 Unde
946 3915 1037 3970 nimio
1054 3915 1212 3970 iracundius
1236 3914 1334 3968 furore
1353 3932 1416 3968 suc-

372 4020 486 4066 census,
506 3999 568 4054 lxii.
580 3998 664 4053 milia
681 3997 853 4069 imperiali.
876 4039 883 4053 .
905 4040 911 4052 .
932 4015 1035 4070 regem
1058 3998 1218 4053 Ricardum
1229 3999 1355 4054 vivum.
1378 4039 1384 4052 .
1407 4037 1413 4051 .

372 4093 456 4143 nocte
470 4085 635 4156 quiescente
650 4123 796 4137 .......
811 4081 974 4154 intrepidus
993 4084 1169 4139 cohortatur.
1207 4082 1271 4137 Nec
1288 4100 1389 4136 mora.
1407 4086 1590 4146 .1bic.ii.ss.

375 4213 381 4226 .
398 4212 425 4225 ..
440 4172 635 4243 prosternunt.
673 4166 811 4221 Infideles
823 4165 925 4236 igitur,
940 4166 1091 4222 audaciam
1105 4166 1338 4222 Christianorum
1350 4183 1416 4221 con-

374 4254 546 4318 siderantes,
569 4258 655 4322 terga
673 4250 813 4322 fugiendo
831 4251 965 4306 certatim
984 4251 1134 4307 dederunt.
1167 4251 1320 4306 Exercitus
1339 4250 1416 4304 enim

407 4419 415 4448 ¹
432 4416 581 4482 carucatis]
600 4413 722 4474 curvabis,
733 4412 789 4465 MS.
953 4412 964 4445 ⁴
981 4413 1137 4479 receperant]
1156 4421 1282 4478 ceperunt,
1294 4413 1349 4463 MS,

407 4495 417 4527 ²
431 4496 608 4561 projiceretur]
628 4493 790 4559 proiceretur,
800 4491 857 4542 Ms.
952 4493 1005 4542 ‘in
1016 4493 1104 4558 canu]
1127 4493 1245 4560 Supplied
1263 4493 1327 4543 from
1348 4491 1415 4542 Hirt

407 4573 418 4606 ³
434 4576 459 4623 in
472 4574 639 4623 Historiarum
648 4571 813 4638 plenitudine]
827 4571 875 4622 See
920 4570 1039 4637 An91.,1·i.
1053 4577 1093 4623 35.

377 4653 422 4704 the
437 4652 543 4703 Greater
562 4651 706 4712 Chronicle,
735 4652 774 4701 ed.
792 4649 876 4709 Wata
952 4650 1043 4717 ‘repis
1068 4652 1186 4719 Ricardr']
1217 4652 1319 4703 Ricardi
1342 4651 1408 4717 regis

375 4748 400 4798 p.
414 4727 790 4796 lee,andHutAu91.,ii.ee.
919 4730 985 4791 MS,
998 4733 1044 4781 but
1054 4733 1159 4784 marked
1168 4734 1210 4783 for
1220 4732 1405 4797 bansposition.
