3278 5610
365 808 430 871 114
484 815 651 866 ulmam
673 812 883 864 rnnrsrnusrs
907 809 1070 863 Hrsuoum
1092 808 1292 862 manorum

197 1103 267 1155 An.
281 1107 352 1152 1251.
369 1087 439 1157 Rcrc
459 1086 675 1158 Francorum
693 1107 807 1176 proces
827 1085 988 1204 postulat.
1032 1082 1245 1152 Maiestatem
1267 1080 1417 1170 optamus
1437 1086 1485 1140 fot
1499 1087 1585 1141 1⁵2⁶·

781 1220 782 1223 ¹
838 1210 936 1275 rayca

199 1366 304 1483 {ssffi
305 1449 319 1483 e
412 1351 628 1440 Temporibus
660 1371 789 1438 quoque
826 1350 887 1415 sub
919 1349 1051 1430 eisdem,
1090 1348 1246 1415 videlicet
1283 1347 1416 1434 quando

198 1500 262 1564 king
273 1499 303 1548 of
368 1453 504 1520 abbates
526 1452 750 1520 (listerciensis
774 1451 911 1517 Ordinis
937 1451 1225 1539 congregabantur
1247 1450 1290 1516 ad
1319 1471 1414 1537 gene-

197 1567 297 1616 Frnnce
369 1557 437 1621 cele
469 1578 581 1622 eorum
615 1555 804 1642 capitulum,
828 1555 956 1619 domini
987 1555 1074 1641 regis
1098 1553 1300 1619 Francorum
1331 1573 1417 1617 nun-

199 1631 349 1763 {effide
369 1659 447 1739 cius,
462 1658 586 1724 scilicet
609 1657 744 1743 quidam
767 1656 868 1722 abbas
891 1656 1036 1742 ejusdem
1053 1656 1197 1733 Ordinis,
1212 1655 1249 1719 in
1271 1654 1417 1742 capitulo

200 1764 300 1814 comui
313 1762 342 1814 of
370 1782 483 1827 eorum
505 1761 583 1826 fecit
604 1761 670 1846 legi
691 1759 804 1825 literas
827 1759 908 1825 dicti
923 1760 1017 1846 regis.
1065 1759 1215 1840 Quarum
1230 1762 1327 1823 tenor
1340 1756 1419 1822 talis

200 1830 318 1948 ἓξὲξ,
369 1863 498 1928 fuerat:
546 1868 563 1898 “
574 1861 647 1926 Rex
682 1861 885 1927 Francorum
924 1866 958 1926 et
996 1859 1066 1947 ejus
1103 1883 1197 1939 uxor,
1237 1864 1271 1925 et
1312 1880 1417 1945 parva

369 1965 495 2031 familia
526 1963 722 2042 eorumdem,
761 1964 798 2028 in
829 1960 1065 2051 quali[quali]¹
1104 1963 1248 2029 sanitate
1285 1960 1418 2028 ficerunt

200 2099 356 2150 Dama.
370 2066 537 2154 corporali,
560 2066 790 2153 praestolantes
813 2066 878 2132 Dei
900 2064 1158 2132 miscricordiam
1181 2069 1256 2152 post
1278 2064 1418 2153 flagella.

202 2165 351 2284 affl&
371 2170 449 2256 Spei
480 2173 593 2233 autem
624 2167 773 2233 fomitem
804 2167 1009 2233 ministravit
1043 2167 1175 2233 funesta
1202 2167 1365 2234 discordia
1386 2177 1420 2235 et

201 2299 318 2364 Babylon
370 2293 497 2359 guerra,
520 2292 594 2337 cum
616 2270 666 2334 ira
689 2274 724 2335 et
747 2270 823 2335 odio
847 2268 1054 2351 inexorabili,
1076 2274 1169 2336 mota
1194 2269 1281 2336 inter
1304 2269 1421 2337 Sarra.

201 2366 310 2494 landppo.
372 2396 526 2441 cenorum
550 2372 710 2438 Soldanos
732 2373 979 2461 potentissimos
994 2394 1063 2439 sese
1086 2374 1302 2453 corrodentes,
1320 2373 1421 2441 Babi-

201 2507 279 2559 nouis
371 2478 469 2544 loniae
492 2475 616 2543 scilicet
638 2480 673 2542 et
695 2474 876 2563 Halapiae.”
922 2475 1063 2564 Scripsit
1092 2476 1227 2564 insuper
1252 2477 1340 2544 idem
1362 2503 1421 2548 rex

201 2576 325 2691 ffifltgm
372 2578 532 2646 fratribus
563 2579 640 2656 suis,
662 2599 781 2664 rogans
812 2577 996 2643 subsidium
1030 2578 1209 2660 humiliter,
1232 2583 1302 2645 tam
1325 2603 1422 2669 pecu·

201 2656 319 2758 thgmrgr
372 2683 464 2748 niara
487 2704 588 2769 quam
610 2681 762 2746 militare.
809 2680 878 2767 Ipsi
901 2681 1142 2747 autemliteras
1158 2682 1230 2768 ejus
1244 2682 1422 2752 fascinnati

203 2774 348 2892 fflnbu‘ln
372 2784 475 2852 verbo
498 2790 533 2850 et
555 2783 690 2870 obliquo
714 2782 806 2849 oculo
828 2789 1055 2870 respexerunt,
1077 2789 1112 2849 et
1135 2785 1180 2850 sic
1203 2785 1243 2851 de
1258 2787 1424 2872 proximis

203 2877 360 2972 Helorufles
372 2888 440 2953 suis
461 2886 543 2952 facti
564 2890 652 2966 sunt,
675 2889 815 2973 excepta
840 2891 956 2967 matre,
979 2886 1077 2953 amici
1107 2886 1298 2955 fortunales.
1345 2891 1423 2977 Ipse

205 2986 326 3039 Cesarea
372 2994 485 3056 autem
518 3011 579 3054 rex
609 2988 801 3054 morabatur
837 2989 927 3076 apud
961 2987 1155 3069 Caesaream,
1177 2989 1314 3058 firmans
1349 3013 1422 3060 eam

373 3091 634 3180 Templariorum
656 3090 792 3158 oonsilio
814 3094 849 3157 et
873 3090 1198 3179 Hospitolariorum.²

489 3355 583 3440 Quid
605 3377 664 3423 roco
680 3355 803 3443 feccrit
824 3355 923 3443 opud
944 3357 1112 3425 Sanctam
1133 3357 1319 3427 Attenuare

232 3540 262 3584 15
275 3534 342 3600 Seps
421 3515 611 3603 Eodemque
636 3539 733 3596 anne,
766 3518 801 3582 in
836 3517 960 3583 octavis
991 3517 1192 3585 Nativitatis
1221 3521 1329 3588 beatae
1351 3521 1428 3588 Vir·

207 3614 335 3745 ἓξὲξ
376 3619 472 3706 ginis,
496 3618 651 3686 dominus
674 3641 734 3684 rex
757 3619 888 3706 Angliae
912 3621 1006 3686 venit
1029 3622 1118 3710 apud
1141 3621 1301 3690 Sanctum
1324 3624 1427 3691 Alba-

207 3747 365 3812 magnenry
377 3743 467 3803 num,
504 3726 538 3786 et
576 3722 713 3799 intrans,
753 3726 851 3808 prout
888 3724 1067 3803 consuevit,
1106 3724 1211 3811 primo
1249 3726 1427 3811 ecclesiam,

209 3814 347 3932 {ffiffl'
377 3822 502 3910 optulit
524 3822 590 3887 tria
612 3822 786 3903 oloserica;
819 3829 854 3890 et
876 3829 956 3891 tunc
985 3826 1057 3913 ipsa
1079 3847 1154 3893 cum
1176 3828 1250 3894 aliis
1272 3831 1363 3917 prins
1385 3834 1428 3900 ab

378 3948 417 3992 eo
440 3925 558 3991 oblatis
587 3927 630 3990 ad
655 3931 755 3990 rrxntt
778 3927 1064 4015 computabantur.
1120 3930 1235 4017 anue
1268 3935 1346 4000 viee·
1372 3958 1430 4024 op·

378 4028 459 4093 tulit
482 4029 548 4093 duo
570 4029 709 4094 monilia
731 4030 876 4115 pretiosa
902 4031 1009 4110 valde,
1041 4036 1076 4098 et
1102 4032 1204 4118 jussit
1238 4057 1277 4101 ea
1308 4036 1428 4104 feretro

378 4129 484 4197 sancti
515 4129 639 4196 Albani
671 4130 900 4211 indelebiliter,
934 4133 977 4198 ad
1008 4136 1199 4201 memoriam
1231 4138 1291 4217 sui,
1327 4140 1430 4207 clavis

235 4303 264 4353 17
278 4301 339 4366 sept
378 4232 509 4298 fortiter
531 4233 693 4301 affirmari
739 4233 786 4300 Et
806 4235 931 4301 ibidem
952 4258 1079 4303 moram
1100 4239 1310 4307 continuavit
1325 4244 1429 4328 quad.

211 4367 329 4418 Unuruu
378 4334 559 4403 riduanam.
607 4336 649 4402 In
680 4342 776 4404 nocte
814 4360 894 4405 vero
926 4341 1034 4407 sancti
1071 4340 1242 4409 Lamberti
1281 4346 1427 4414 tenebrae

211 4435 331 4485 wliness

743 4520 869 4527 ---——-
880 4521 1076 4528 „-.-.-,—>.—..-.
1129 4526 1133 4530 Α
1210 4529 1214 4533 .

1243 4530 1410 4542 a—‹—.

416 4623 591 4692 ¹quoliquali]
619 4629 694 4691 quali,
716 4630 773 4682 MS.
808 4631 880 4684 corr.
964 4633 1238 4707 πΗοιφὶίαῖανιόνιιηι]
1278 4642 1433 4709 Templario·

382 4702 446 4752 from
457 4704 488 4754 B.
930 4727 995 4773 rum,
1006 4714 1063 4767 MS.
1098 4719 1168 4770 Com.
1182 4720 1247 4770 from
1258 4720 1289 4772 Β.
