3278 5610
372 793 420 841 ns
441 792 599 844 mareas
621 795 722 844 sams
744 792 890 845 emmor
912 790 1037 844 runnu.
1159 781 1221 845 261

184 971 281 1020 autem
302 1006 309 1018 .
331 1006 338 1018 .
360 1006 366 1018 .
387 967 528 1030 homines,
548 972 578 1022 et
603 966 729 1023 infidelis
750 968 939 1032 fidelitatem
965 973 996 1022 et
1013 984 1063 1021 rex
1084 1007 1090 1020 .
1112 1007 1119 1021 .
1139 1007 1145 1019 .
1165 967 1306 1024 Ari-sn.
1320 978 1390 1026 1229.

185 1049 255 1119 glia,
285 1049 403 1120 insuper
421 1048 497 1105 datis
519 1051 614 1106 eidem
641 1092 647 1105 .
669 1093 676 1105 .
700 1094 706 1105 .
726 1052 841 1107 remisit
865 1053 1024 1123 regionem.
1063 1051 1224 1122 Imperator
1238 1056 1293 1108 The
1304 1074 1356 1109 eui-

185 1130 400 1204 F[rethericus]
432 1134 547 1189 rediens
577 1135 718 1207 applicuit
744 1152 883 1207 prospere
910 1138 941 1190 in
967 1135 1076 1199 Sicilia,
1104 1135 1151 1189 cui
1179 1125 1388 1203 suilltfquffl

184 1216 285 1272 fideles
314 1224 345 1272 et
368 1219 516 1273 naturales
541 1220 712 1275 catervatim
730 1226 928 1283 occurrerunt,
949 1219 1111 1291 gaudenter
1128 1218 1224 1274 dicen·
1237 1205 1262 1240 ¹¹¹
1274 1192 1360 1256 ⁸¹⁰¹¹7·

184 1306 238 1364 tes,
260 1301 466 1358 “Benedictus
485 1303 535 1374 qui
555 1304 684 1358 venitin
700 1304 815 1359 nomine
836 1304 968 1358 Domini!
980 1303 1007 1335 ”¹
1044 1304 1083 1358 Et
1100 1303 1222 1358 couflue-

184 1384 253 1440 bant
272 1386 400 1456 undique
424 1386 555 1452 adeum,
575 1387 702 1442 dicentes
721 1405 753 1442 se
771 1386 933 1443 excusando
951 1387 1002 1458 qni
1019 1386 1144 1458 dispersi
1163 1387 1225 1442 fue·

184 1475 260 1534 rant,
281 1471 417 1540 quoniam
433 1488 509 1541 papa
533 1477 564 1525 et
589 1471 707 1542 papales
733 1489 783 1526 eos
808 1471 1041 1543 praeoccupatos²
1059 1470 1222 1526 seduxerat.

184 1552 267 1621 Quod
285 1552 322 1607 de
340 1559 437 1607 cetero
454 1572 511 1608 non
529 1554 687 1624 continget.
726 1555 931 1626 Readquisivit
955 1555 1048 1627 igitur
1069 1555 1224 1626 imperator
1237 1559 1278 1609 He
1288 1575 1326 1610 re·

184 1654 243 1691 nna
259 1636 306 1691 die
324 1636 372 1691 vel
391 1656 448 1692 una
468 1638 540 1692 hora
566 1637 707 1709 quicquid
733 1639 761 1693 ei
785 1656 861 1711 papa
886 1657 939 1710 per
965 1640 1065 1710 plures
1089 1625 1371 1704 menses,³⁰⁰V‘?“l‚²l⁸

183 1719 284 1774 effusis
308 1720 439 1783 infinitis,
460 1739 532 1791 quos
558 1722 595 1775 ab
622 1720 746 1776 ecelesia
775 1728 945 1786 extorserat,
976 1723 1131 1788 thesauris,
1158 1740 1224 1776 eum
1236 1700 1372 1810 &⁸⁰35

184 1803 335 1858 hominum
365 1810 463 1876 strage
492 1804 658 1859 miseranda
684 1804 936 1872 Christianorum,
963 1824 1087 1877 quorum
1113 1823 1222 1872 omnes,
1237 1840 1308 1890 W,

183 1887 235 1958 qui
270 1889 476 1958 imperatorem
511 1887 721 1958 profitebantur
757 1888 916 1954 dominnm,
951 1890 1222 1954 excommunicatos,

184 1971 262 2042 quod
279 1979 325 2027 est
341 1972 481 2027 horribile
500 1972 590 2037 dictu,
610 1990 693 2044 papa,
713 1973 876 2028 animarum
894 1973 1005 2030 Christi
1022 1974 1174 2046 prodigus,
1188 1973 1225 2029 ad

184 2055 307 2111 Tartara
324 2054 490 2121 destinavit,
510 2063 544 2110 ut
561 2055 689 2110 timetur.

220 2179 398 2227 u⁰.cc⁰.xxx⁰.
437 2172 499 2227 Rex
518 2172 665 2228 Esuriens
689 2172 761 2238 IH.,
781 2191 856 2230 anno
874 2175 959 2246 regni
976 2173 1024 2229 sui
1040 2182 1110 2240 xv⁰.,
1130 2173 1225 2230 tenuit
1237 2183 1363 2248 Henryat

184 2257 222 2311 nd
237 2256 341 2311 Natale
358 2257 476 2312 Domini
490 2256 603 2312 curiam
622 2299 629 2312 .
651 2299 658 2313 .
680 2298 686 2312 .
708 2258 862 2315 Scotorum
873 2259 1047 2326 Alexandro,
1061 2258 1139 2330 apud
1150 2258 1225 2314 Ebe-
1239 2249 1316 2300 1⁷⁰ss

70 2369 77 2382 ·
184 2359 293 2397 racum.
330 2339 576 2412 Archiepiscopns
594 2358 665 2397 vero
682 2342 740 2397 loci
758 2343 790 2398 in
808 2343 909 2399 multis
927 2349 1040 2399 tantum
1058 2342 1225 2398 convivium

183 2434 214 2482 ot
231 2425 368 2481 convivas
387 2425 542 2481 honorifice
560 2426 743 2497 respiciendo
762 2427 915 2483 serenavit.
953 2426 1016 2481 Rex
1034 2443 1149 2498 qnoque
1165 2426 1224 2482 An-
1238 2426 1376 2477 Hemakes
1484 2483 1487 2488 Α

185 2511 301 2582 glor-um
318 2511 382 2580 regi
403 2510 556 2565 Scotorum
568 2511 697 2582 pretiosa
707 2511 830 2566 contulit
841 2511 984 2566 donativa.
1016 2509 1072 2565 Die
1084 2527 1154 2567 vero
1166 2511 1226 2567 Na·
1237 2493 1298 2569 Ilm
1310 2501 1337 2543 ω
1348 2494 1390 2543 ¹¹¹⁰

184 2595 252 2649 talis
271 2602 375 2665 quarta
386 2611 436 2647 rex
457 2635 464 2647 .
486 2635 492 2647 .
514 2636 521 2648 .
542 2595 708 2665 regionem,
728 2594 863 2649 dominus
875 2601 974 2650 autem
991 2611 1043 2649 rex
1060 2594 1225 2667 Anglornm
1237 2558 1338 2677 {ms

158 2753 161 2757 ,
185 2677 348 2733 Iaoudonias
366 2678 541 2748 properavit.
580 2678 635 2733 Die
653 2696 724 2733 vero
742 2677 945 2735 conversionis
971 2679 1064 2735 saneti
1082 2679 1176 2742 Pauli,
1195 2678 1226 2733 in
1264 2711 1296 2755 25
1306 2706 1366 2757 m

186 2762 310 2818 eeclesia
339 2761 473 2832 ejusdem
503 2763 596 2816 sancti
626 2761 794 2828 londoniis,
821 2763 929 2819 cecidit
958 2764 1060 2835 fulgur
1087 2761 1227 2817 horribile
1239 2772 1369 2822 Thanna-

186 2846 377 2909 horribiliter,
415 2845 549 2916 episcopo
584 2844 707 2899 missam
737 2845 921 2912 celebrante3
953 2854 984 2903 et
1012 2863 1079 2901 cum
1109 2845 1315 2916 fulgurem

185 2931 321 2992 tonitrus,
338 2929 388 2999 qui
403 2929 582 3000 stupefactos
601 2935 632 2983 et
650 2929 792 2999 fugitivos
810 2929 940 2985 reddidit
951 2930 1112 2984 universos,
1144 2929 1227 2982 Tem·
1238 2906 1328 2969 ΜΒ
1351 2969 1370 3022 S

187 3031 257 3085 pore
288 3031 359 3067 vero
385 3012 499 3066 vernali
525 3011 682 3076 arridente,
715 3013 874 3083 imperator
900 3019 1001 3067 contra
1030 3012 1129 3067 hostes
1159 2977 1342 3087 snosffiff
1372 2977 1392 3020 ι’

188 3099 238 3161 ita,
259 3098 324 3152 suso
351 3095 443 3150 multo
468 3095 621 3165 sanguinis
640 3095 803 3150 Christiani
820 3095 973 3166 profluvio,
995 3094 1129 3158 invaluit,
1149 3095 1228 3164 quod

187 3188 284 3237 castra
303 3224 309 3235 .
331 3222 338 3234 .
360 3222 366 3233 .
387 3179 543 3234 revocavit.
579 3179 618 3234 Et
644 3186 752 3249 praeter
776 3196 825 3233 eos
843 3197 916 3248 qnos
934 3184 1016 3233 extra
1032 3178 1141 3233 moenia
1156 3179 1227 3233 fecit

71 3292 78 3304 ·
186 3266 339 3329 trucidari,
368 3281 556 3335 quoscunque
584 3304 590 3317 .
613 3304 619 3316 .
641 3305 647 3316 .
674 3262 736 3318 suis
761 3281 844 3334 papae
872 3262 1088 3317 adherentibus
1112 3268 1227 3333 poterat

187 3351 318 3406 invenire
336 3349 384 3404 vel
402 3348 485 3404 vives
504 3346 656 3411 excoriari,
670 3346 717 3402 vel
735 3347 766 3401 in
783 3346 924 3418 patibulis
942 3352 1028 3401 vento
1046 3344 1225 3416 presentari.

186 3436 268 3490 Inter
293 3450 366 3504 quos
386 3474 392 3486 .
415 3474 450 3487 ..
479 3449 565 3502 quem
591 3429 743 3502 proposuit
769 3429 847 3484 idem
873 3447 949 3501 papa
974 3428 1077 3484 multis
1101 3427 1227 3483 ditatum

186 3519 354 3583 honoribus,
374 3525 408 3572 ut
425 3516 548 3581 dicebat,
563 3515 739 3580 smhmassa
753 3531 820 3569 cum
838 3514 1044 3586 imperatorem
1062 3511 1225 3583 dejecisset.

186 3603 350 3674 Imperator
378 3620 457 3666 vero,
477 3618 514 3655 ne
539 3599 614 3655 tanti
632 3598 697 3653 viro
715 3598 869 3669 prophetia
886 3603 999 3653 careret
1015 3597 1166 3652 veritate.
1189 3636 1197 3650 .
1217 3634 1225 3649 .

188 3686 336 3757 suspendi,
355 3687 393 3741 ad
419 3702 555 3756 magnam
579 3681 711 3737 ecclesiae
732 3687 762 3737 et
786 3681 895 3737 domini
913 3698 996 3752 papae
1016 3679 1225 3742 confusionem,

187 3771 375 3842 obprobrium
393 3776 424 3823 et
440 3765 641 3838 ignomisiam,
660 3783 714 3820 nec
732 3765 866 3820 manibus
883 3763 1093 3835 imperialibus
1111 3761 1226 3826 redimi,

188 3855 336 3909 cumulata
359 3853 585 3922 osterlingorum
612 3849 852 3905 desiderabilium
874 3845 1076 3902 multitudiue.
1114 3846 1153 3901 Ilt
1170 3844 1295 3900 fae-The

188 3947 252 3992 tum
279 3944 324 3992 est
348 3954 451 3991 nomen
478 3936 664 4005 imperatoris
688 3932 890 3989 thmuiaantis
920 3949 1041 3987 exosum
1070 3929 1168 3994 nimis,
1199 3925 1353 3992 emm
1385 3977 1393 3996 ‚

188 4029 342 4076 cruentum
367 4020 397 4074 in
422 4018 508 4074 eorde
539 4025 569 4073 et
595 4018 715 4072 auribus
740 4016 893 4088 papalibus
918 4014 1127 4078 vehementem
1152 4012 1228 4068 unde
1240 3979 1345 4111 ¹1:3⁸5
1389 4033 1394 4040 ⁴

189 4103 349 4160 ferventius
375 4103 477 4158 ultioni
503 4103 665 4157 insistebat.
710 4099 858 4155 Iohannes
883 4098 920 4154 de
948 4098 1070 4164 Bresne,
1096 4096 1369 4176 princepspgpm

189 4190 301 4263 papalis
320 4189 465 4243 exercitus
483 4196 513 4240 et
531 4186 599 4250 dux,
617 4186 738 4239 horrens
756 4182 885 4239 incidere
904 4182 935 4236 iu
946 4199 1052 4238 manus
1063 4181 1229 4246 tirmnim
1242 4190 1312 4242 John
1322 4191 1355 4242 de

188 4276 268 4346 fugit
294 4275 324 4330 in
342 4272 479 4335 Galliam,
500 4270 537 4324 ad
564 4268 661 4324 natale
687 4268 794 4332 solum,
814 4265 957 4338 dispersis
985 4256 1344 4373 mmihwmbusffiw

189 4356 397 4428 stipendiariis,
427 4355 480 4409 sed
507 4351 700 4423 impregnatis
725 4368 828 4404 eorum
852 4349 1014 4421 marsupiis
1044 4356 1074 4405 et
1102 4348 1229 4404 clitellis.
1243 4331 1338 4443 mg

35 4454 125 4505 ostii,
188 4442 386 4498 Mediastibus
416 4442 509 4512 igitur
534 4438 647 4501 amicis,
679 4440 797 4491 statutas
926 4435 1133 4500 movenhem
1157 4451 1232 4505 papa
1340 4426 1348 4442 ’

35 4527 76 4570 22

222 4624 441 4676 ¹hIatth.xx'a9.
765 4614 1233 4682 ²m1avctsppannm

221 4704 437 4772 ’preoccapotod
450 4709 620 4769 preocupatos,
630 4697 686 4749 ns.
733 4694 933 4759 tobevmting.
