3278 5610
399 768 447 819 nn
466 768 625 819 rmroau
647 768 749 817 asora
771 767 918 816 assata
940 765 1063 816 maru
1185 752 1251 815 313

133 970 146 1018 .'
208 942 376 999 Sarraoanis
394 945 479 1000 multi
498 945 610 1000 nobiles
629 943 809 1000 Francorum
827 944 889 999 sine
902 944 1037 999 conflictu
1054 941 1101 997 vel
1119 941 1249 1003 vulnere,
1265 943 1421 995 A.D.1250.

207 1032 344 1097 tanquam
354 1028 502 1083 maledicti
515 1046 532 1082 a
544 1028 669 1083 Domino
681 1050 688 1093 ;
709 1034 740 1083 et
757 1028 835 1099 capti
846 1028 933 1083 multi
952 1028 1029 1082 ultro
1041 1028 1250 1098 apostatarunt,

207 1110 237 1164 in
255 1111 447 1181 ignominiam
473 1112 541 1167 fidei
567 1112 751 1177 Christianae,
772 1117 802 1167 et
820 1112 909 1167 totius
927 1110 1102 1166 universalis
1121 1108 1251 1163 ecclesiia

207 1194 411 1264 obprobrium¹
432 1196 650 1267 sempiternum.
689 1197 728 1250 Et
746 1196 825 1268 fugit
848 1197 938 1251 frater
959 1195 1039 1266 regis
1061 1194 1249 1255 mancorum,
1264 1191 1405 1272 'l'haoomt

207 1296 303 1334 comes
315 1280 527 1344 Atrabatensis,
547 1287 577 1335 et
595 1281 764 1336 submersus
781 1280 870 1352 periit
889 1280 920 1334 in
938 1278 1063 1350 quodam
1076 1277 1204 1339 flumine,
1223 1281 1253 1330 et
1266 1260 1393 1311 ΟΜΝΗ*

207 1365 366 1436 dissipatus
385 1370 430 1420 est
441 1370 519 1420 totus
539 1366 773 1422 Christianorum
786 1365 931 1422 exercitus
948 1370 978 1420 et
995 1363 1142 1418 confusus.
1180 1359 1252 1414 Wil-
1265 1327 1421 1444 ffiffie

207 1448 312 1504 lelmus
342 1467 411 1503 vero
439 1450 636 1522 Longa-spata
660 1451 803 1522 pugnavit
820 1468 914 1520 usque
938 1450 975 1505 ad
999 1455 1132 1510 mortem,
1153 1453 1183 1500 et
1201 1441 1252 1497 alii
1265 1458 1410 1524 Longapg.

207 1533 394 1605 quamplures
413 1534 535 1598 nobiles,
555 1535 671 1590 natione
689 1534 818 1606 Anglici,
839 1535 971 1606 exemplo
988 1532 1132 1589 Willelmi
1149 1547 1252 1602 provo·
1264 1527 1395 1577 audather

207 1618 263 1673 cati
281 1624 311 1673 et
326 1618 357 1672 in
369 1618 494 1673 Domino
506 1619 633 1674 feliciter
652 1618 782 1682 animati,
795 1618 934 1674 videlicet
954 1618 1100 1673 Robertus
1119 1615 1154 1670 de
1167 1613 1249 1677 Vair,
1264 1593 1351 1708 ”12¹OE

207 1709 237 1756 et
249 1702 309 1765 alii,
324 1720 448 1772 quorum
468 1700 611 1773 [nomina]
621 1706 631 1739 ²
643 1703 675 1757 in
686 1703 763 1758 libro
775 1703 843 1758 vitoe
857 1702 1054 1759 indelebiliter
1067 1703 1250 1755 annotantur.
1265 1673 1276 1707 ⁸
1310 1674 1334 1709 η’

208 1785 291 1854 Quod
315 1793 412 1840 autom
438 1791 546 1840 aeterna
572 1786 695 1857 dignum
721 1786 847 1842 arbitror
872 1786 1022 1850 memoria,
1042 1783 1197 1840 videbatur
1221 1781 1252 1835 in

208 1877 290 1925 nocte
309 1869 484 1942 praecedenti
496 1870 584 1924 matri
597 1887 666 1933 suae,
687 1870 841 1926 abbatissae
860 1871 973 1926 scilicet
991 1870 1026 1924 de
1045 1869 1148 1932 Lacoo,
1163 1884 1252 1937 quon·
1266 1880 1422 1944 1102pr

207 1955 275 2009 dam
301 1954 455 2009 comitissae
475 1953 694 2018 Sarcsbiriensi,
723 1955 801 2026 quod
821 1955 917 2010 dictus
943 1955 1120 2018 Willclmus,
1150 1957 1252 2023 aperto
1265 1947 1412 1997 inevision

208 2040 291 2103 cralo,
311 2039 441 2093 elevatus
454 2045 500 2094 cst
511 2039 642 2093 totaliter
654 2045 794 2104 armatus,
808 2039 892 2108 cujus
908 2046 1057 2094 armatura
1068 2039 1141 2093 bene
1159 2035 1250 2098 novit,
1265 2022 1291 2063 ²⁰
1303 2013 1344 2062 ΜΒ
1354 2029 1407 2062 ¹¹¹⁰·

208 2129 247 2187 et,
267 2123 379 2194 angelis
404 2141 471 2177 eum
492 2122 653 2194 gaudenter
679 2123 915 2194 suscipientibus,
943 2124 1072 2179 intravit.
1123 2122 1186 2190 Quo
1210 2121 1253 2173 in·
1265 2080 1392 2197 {iffi}

208 2213 311 2271 trente,
331 2207 439 2261 dixisse
457 2207 611 2262 videbatur
624 2213 726 2272 mater,
742 2207 844 2276 “Quis
857 2212 903 2262 est
913 2208 962 2262 hic
973 2207 1011 2262 l'’
1031 2208 1070 2261 Et
1081 2224 1253 2278 responsum
1266 2214 1375 2265 Lacock.

208 2297 254 2346 est
276 2291 313 2354 ei,
344 2291 478 2345 “Nonne
508 2289 678 2361 cognoscis⁸
705 2290 797 2346 filium
816 2296 900 2346 tuum
918 2291 1100 2347 Willelinum
1130 2297 1160 2346 et
1190 2289 1253 2359 ejus

208 2374 407 2430 armaturam?
419 2374 436 2398 '’
473 2376 512 2430 Et
532 2381 635 2439 mater,
659 2377 677 2402 “
689 2375 840 2446 cognosco
852 2376 986 2447 utique.”
1022 2376 1079 2430 Ille
1098 2382 1152 2440 est,
1167 2390 1255 2445 quem

207 2466 248 2524 tu,
276 2465 378 2523 mater,
407 2459 645 2530 contemplaris.’'
685 2460 844 2515 Abbatissa
860 2478 931 2515 vero
949 2467 1081 2516 materna
1099 2461 1255 2516 sedulitate

208 2551 323 2615 tempus
341 2543 454 2598 notavit
476 2549 505 2597 et
529 2544 681 2598 visionem.
720 2545 828 2616 Elapso
846 2555 943 2599 autem
970 2545 1091 2601 dimidio
1116 2563 1191 2600 anno
1212 2560 1256 2597 sc·

208 2634 324 2698 quante,
345 2645 411 2682 cum
438 2645 537 2681 omnes
564 2629 615 2696 qui
634 2645 734 2682 casum
761 2629 891 2683 sciebant
916 2635 946 2683 et
970 2629 1023 2683 diu
1049 2630 1191 2692 celabant,
1219 2647 1255 2683 nc

208 2720 301 2766 mater
319 2729 372 2781 pro
392 2711 444 2764 filii
464 2712 565 2765 funera
578 2711 644 2781 plus
663 2729 747 2781 aequo
765 2711 886 2775 doleret,
907 2713 1023 2767 tandem
1042 2713 1255 2785 proruperunt⁴

211 2797 241 2849 in
268 2795 332 2848 haeo
360 2793 460 2856 rerba,
483 2793 649 2856 “Domina,
669 2812 727 2848 non
747 2796 864 2867 expedit
882 2796 992 2851 diutius
1019 2799 1113 2853 celare
1144 2817 1253 2860 casum,
1269 2798 1310 2845 01¹
1321 2797 1397 2861 being

209 2878 260 2949 qui
269 2876 376 2932 accidit
389 2876 449 2929 filio
462 2882 513 2930 tuo
525 2874 736 2947 W[illelmo].’'
766 2878 805 2932 Et
811 2877 967 2934 addentes⁵
980 2881 1097 2951 quadie
1110 2881 1140 2935 in
1151 2883 1244 2935 frusta
1268 2863 1389 2912 immed

208 2962 346 3032 proelians
367 2965 467 3014 contra
485 2959 616 3013 infideles
636 2978 688 3031 pro
707 2960 833 3025 Christo,
853 2964 958 3017 martir
976 2965 1121 3033 gloriosus
1135 2923 1256 3019 'dommi
1268 2930 1424 3055 ἓξξῐῖζῗέθ

209 3052 302 3100 catur.
340 3044 382 3097 At
405 3043 458 3097 illa
476 3043 658 3113 comperiens
687 3043 764 3098 diem
789 3050 819 3100 et
845 3046 988 3101 visionem
1007 3056 1194 3103 memoratam
1214 3049 1256 3103 rei
1268 3070 1367 3112 returns

210 3135 301 3198 gestae
328 3127 515 3198 respondere,
543 3127 665 3182 elevatis
691 3129 835 3193 manibus,
856 3131 967 3199 gratias
995 3133 1058 3201 egit
1083 3133 1145 3186 Deo
1172 3133 1255 3187 vultu
1268 3129 1398 3178 thanksto

209 3213 317 3277 alacri3
352 3211 461 3274 dicens,
485 3214 504 3237 “
516 3210 633 3266 Gratias
658 3212 753 3266 resero
771 3212 827 3267 tibi
845 3231 900 3283 ego
919 3215 1025 3269 ancilla
1042 3223 1102 3280 tua,
1122 3216 1255 3280 Domine,
1270 3196 1334 3245 θοὰ

210 3296 287 3366 quod
305 3296 341 3351 de
360 3313 446 3350 carne
465 3313 532 3350 mea
556 3296 720 3366 peccatrice
747 3296 835 3351 talem
859 3299 939 3353 nasci
957 3301 1122 3370 praeoepisti
1141 3310 1257 3355 tuorum

210 3381 337 3435 hostium
357 3379 618 3451 expugnatorem.''
654 3379 902 3451 Archiepiscopus
920 3381 1137 3439 cantuariensis
1150 3382 1257 3454 B[one·
1269 3389 1403 3442 Valentior

210 3464 314 3532 lacius]
335 3482 424 3519 causa
441 3464 580 3518 visitandi
599 3464 768 3535 episcopum
787 3464 1039 3521 Londonicnsem⁸
1056 3474 1086 3523 et
1103 3469 1257 3539 religiosos
1269 3458 1413 3508 ⁰f1¹⁰¹¹d⁰¹¹

210 3550 239 3603 in
267 3549 385 3604 civitate
410 3548 636 3610 londoniarum,
664 3554 725 3602 tam
753 3556 855 3604 contra
880 3550 1049 3622 episcopum
1074 3571 1160 3622 quam
1178 3525 1425 3640 virosbffthubp'

209 3633 363 3703 roligiosos
382 3633 519 3697 civitatis,
540 3632 618 3688 sicut
635 3638 665 3686 ct
690 3639 792 3687 contra
812 3632 954 3703 quosdam
973 3634 1055 3700 alios,
1082 3635 1152 3692 licet
1170 3592 1412 3724 aqui-{ugffm'

210 3718 278 3771 tatis
306 3717 412 3772 ductus
438 3717 561 3782 ratione,
587 3722 668 3771 tanta
686 3716 795 3772 dicitur
813 3718 983 3774 austeritate
1001 3720 1188 3791 processisse,
1214 3727 1258 3787 ut,

210 3801 282 3870 ipsis
312 3801 454 3855 instanter
480 3802 698 3865 resistentibus,
726 3801 813 3856 multi
838 3821 906 3857 eum
933 3805 1202 3875 praecollaudantes‚
1222 3807 1259 3862 de

210 3884 274 3952 ejus
300 3890 369 3938 tunc
398 3885 576 3939 mirarentur
604 3884 743 3940 feritate.⁷
793 3886 932 3951 Tandem,
960 3894 1027 3959 post
1053 3891 1160 3946 multas
1190 3890 1259 3947 hinc

245 4049 252 4079 ¹
270 4049 434 4113 obprobrium]
445 4056 470 4098 et
477 4051 708 4114 obprobrium,MS.
794 4051 894 4116 ⁷quam
914 4056 979 4103 viror
995 4092 1001 4105 .
1020 4093 1025 4105 .
1037 4056 1156 4121 feritate]
1175 4055 1259 4108 These

245 4128 254 4159 ²
272 4129 379 4192 aomina]
400 4128 518 4192 supplied
532 4129 597 4178 from
614 4128 707 4179 Floret.
761 4131 824 4181 lines
835 4148 878 4182 are
890 4133 988 4183 'naen
1000 4149 1103 4184 overas
1114 4151 1213 4187 mure
1225 4138 1259 4201 by

213 4207 279 4257 Hiat.
761 4211 804 4259 the
816 4227 884 4261 same
893 4222 1083 4279 contemporary
1092 4214 1169 4275 hand,
1178 4215 1260 4265 which

246 4283 408 4349 ³copncacu]
428 4285 651 4349 congnoscis,MS.
761 4289 807 4338 has
830 4292 966 4340 continued
989 4292 1032 4341 the
1054 4301 1109 4343 text
1132 4294 1195 4343 bom
1218 4296 1260 4347 the

247 4364 460 4428 4ρνονιιρενιυιί]
502 4365 623 4428 prorupit,
654 4364 709 4415 MS·
761 4369 900 4433 beginning
921 4374 951 4418 cf
969 4371 1012 4420 the
1031 4387 1091 4434 year
1113 4379 1182 4422 1253.
1217 4376 1258 4425 On

215 4445 347 4493 (forrected
358 4443 422 4491 from
434 4442 519 4491 Floras
531 4442 597 4492 Hist.
762 4448 804 4496 the
821 4449 897 4497 lower
915 4450 1012 4513 margin
1024 4467 1039 4499 a
1052 4452 1149 4514 portion
1166 4454 1196 4503 of
1208 4456 1259 4506 this

246 4522 400 4587 madentes]
427 4523 527 4576 addens,
550 4523 605 4573 MS.
640 4523 712 4575 corr.
760 4528 898 4577 correction
927 4545 1030 4592 appears
1057 4534 1139 4582 traccd
1162 4533 1221 4584 with
1244 4551 1260 4584 a

216 4603 279 4651 from
291 4600 378 4650 Floras
390 4601 456 4651 Hiat.
762 4608 890 4669 plumrnct
926 4608 981 4658 Τὴε
1003 4612 1139 4662 correction
1162 4613 1185 4663 is
1212 4615 1260 4664 fol-

247 4683 257 4712 ⁶
274 4680 473 4748 Loadoriearem]
494 4683 584 4743 Laud,
596 4683 651 4733 lllS.
761 4687 841 4737 lowed
852 4686 879 4736 in
890 4686 976 4738 Flam
986 4688 1054 4741 Hm
