3278 5610
392 771 439 820 nu
460 769 620 821 ramosa
641 770 743 820 nee1s
765 770 912 821 emmor
935 770 1058 821 rauru
1178 760 1242 825 249

198 956 312 1019 poterat
333 948 376 1004 eis
397 947 570 1020 suffragari,
590 955 621 1005 et
639 948 717 1019 quod
734 948 855 1004 haberet
872 949 992 1006 brachia
1009 950 1095 1022 plena
1112 951 1143 1006 iu
1159 950 1243 1005 brevi
1254 949 1327 1002 Ad).
1340 953 1411 1001 1224.

198 1034 235 1088 de
248 1049 358 1104 guerra
368 1033 399 1088 in
411 1032 539 1103 Aegiis,
560 1038 591 1088 et
608 1032 687 1103 quod
702 1033 877 1104 praemunita
895 1041 963 1090 sunt
980 1035 1089 1106 optime
1107 1035 1242 1106 quaedam

199 1123 300 1171 contra
325 1134 393 1172 eum
420 1117 551 1180 castella,
578 1134 703 1188 quorum
730 1117 857 1188 primum
883 1118 980 1173 fueret
1002 1125 1130 1174 castrum
1148 1119 1241 1173 Bede-

199 1201 310 1266 sordiae,
331 1199 495 1271 quodsum
512 1217 566 1271 per
582 1218 673 1255 unum
697 1199 735 1255 ad
759 1200 856 1256 miuus
881 1219 989 1255 annum
1007 1202 1158 1257 detinebit.
1195 1202 1243 1256 In·
1254 1200 1411 1253 Movements

199 1284 286 1338 terim
313 1290 465 1355 magnates
491 1283 587 1354 regni,
615 1301 740 1354 quorum
765 1283 854 1339 corda
876 1291 1118 1355 exasperaverant
1137 1302 1189 1339 rex
1213 1267 1409 1340 61οῇιιθηικι

199 1386 271 1422 6666
295 1367 488 1438 justiciarius,
515 1367 681 1423 deomant
706 1385 764 1422 non
791 1367 940 1439 segniter¹
964 1385 1077 1441 omnes·
1091 1369 1243 1440 circumja-
1254 1334 1353 1385 hm·

199 1458 297 1507 centes
315 1453 489 1523 provincias,
510 1458 540 1508 et
557 1458 767 1523 consequenter
790 1457 885 1508 totum
908 1470 1034 1525 reguum
1051 1453 1242 1525 occupabunt.

201 1533 250 1590 Sic
281 1536 359 1590 enim
387 1535 580 1607 praelocutum
607 1536 704 1591 iuerat
728 1544 759 1590 et
787 1536 1031 1607 praecircinatum.
1076 1536 1159 1606 Quod
1177 1556 1245 1593 cum

200 1620 350 1676 audissent
374 1637 425 1675 rex
455 1626 485 1676 et
514 1620 599 1691 regni
625 1619 779 1691 optimates
806 1621 965 1686 naturales,
996 1621 1243 1679 inconsolabiliter

200 1706 363 1762 doluerunt.
407 1707 463 1762 Est
487 1707 565 1761 enim
592 1706 719 1778 Rupella
744 1707 881 1764 introitus
908 1714 939 1763 et
962 1709 1067 1773 exitus,
1095 1709 1186 1764 clavis
1214 1716 1244 1764 et
1255 1717 1353 1780 Impor-

200 1791 345 1856 couelave,
371 1797 474 1862 portus
502 1796 532 1845 et
555 1799 641 1862 porta
666 1790 752 1861 regni
776 1790 934 1863 Anglicani
959 1792 1160 1859 etPictaviae,
1191 1793 1242 1847 ubi
1256 1782 1370 1833 ²⁸⁰00⁰f

200 1893 286 1946 roges
306 1917 313 1930 .
335 1917 342 1929 .
364 1917 371 1931 .
390 1875 555 1946 regionum,
576 1892 641 1946 quae
665 1875 809 1931 orientem
833 1882 885 1931 ant
911 1883 1044 1932 austrum
1070 1877 1241 1949 respiciunt,
1255 1849 1385 1901 mmm·

199 1960 345 2030 applicare
366 2001 373 2014 .
394 2000 403 2015 .
424 2000 431 2014 .
450 1961 500 2015 via
523 1959 625 2014 hostili
642 1959 786 2031 repagulo
805 2001 812 2014 .
834 2001 841 2014 .
862 2001 870 2015 .
889 1966 950 2016 tem
968 1961 999 2016 in
1017 1961 1136 2018 civitate
1154 1980 1243 2033 quam

200 2045 320 2100 castello
433 2051 464 2101 et
490 2045 664 2108 servientes,
693 2045 744 2117 qui
772 2044 875 2102 erebro
898 2046 1120 2111 subsannantes,
1148 2047 1244 2103 Pieta-

200 2128 328 2194 venses‚²
345 2137 376 2185 et
392 2129 519 2185 maxime
537 2128 754 2201 Rupellenses,³
771 2130 955 2201 repulerunt,
975 2137 1005 2186 61
1026 2132 1062 2186 16
1080 2130 1244 2202 proditione

199 2213 429 2285 improperantes
454 2214 691 2286 angariaverunt.
730 2213 780 2270 Sic
804 2214 847 2268 sic
871 2215 966 2286 igitur
988 2232 1040 2268 rex
1065 2214 1245 2271 lbancorum

200 2297 263 2351 sine
281 2297 344 2352 ulla
361 2298 515 2368 sanguinis
532 2297 684 2362 effusione,
704 2297 741 2352 da
759 2297 886 2353 maxima
903 2303 986 2370 parte
1004 2298 1144 2355 Pictaviae
1163 2317 1245 2355 secu·

200 2381 287 2436 ritate
305 2386 450 2452 suscepta,
465 2381 596 2452 gaudeus
614 2380 652 2435 ad
669 2381 789 2453 propria
805 2383 957 2448 remeavit,
971 2383 1007 2438 16
1025 2383 1244 2440 Pistorensium

199 2464 363 2535 proditione
382 2465 469 2520 solita
487 2465 675 2520 subridendo.
712 2465 771 2520 Per
784 2464 863 2520 idem
881 2471 996 2538 tempus
1017 2508 1024 2521 .
1045 2507 1051 2521 .
1074 2507 1080 2521 .
1102 2508 1110 2521 .
1130 2475 1160 2523 et
1177 2469 1244 2524 aliis

199 2548 347 2603 nobilibus
365 2548 459 2620 regni,
480 2548 517 2603 16
541 2549 669 2620 negotiis
695 2550 861 2604 tractaturi.
899 2551 1004 2606 Voluit
1026 2551 1104 2606 enim
1130 2571 1191 2617 rex,
1211 2550 1363 2607 ut00uncil

200 2631 325 2695 dicebat,
344 2633 389 2688 uti
408 2650 443 2687 ex
470 2638 538 2688 tuno
564 2633 681 2704 penitus
700 2633 823 2689 consilio
848 2640 1020 2705 magnatum
1037 2653 1158 2692 suorum
1175 2637 1244 2692 fide·
1256 2618 1381 2752 {ffl’llb

200 2715 273 2771 lium
303 2716 339 2770 de
370 2716 456 2771 terrie
486 2716 698 2780 transmarinis,
726 2734 799 2787 quas
826 2733 878 2771 rex
904 2718 1093 2785 Francorum,
1122 2720 1159 2775 de
1186 2738 1243 2792 quo

200 2800 275 2854 bona
293 2804 463 2871 speraverat
480 2817 513 2854 se
531 2806 730 2870 accepturum,
751 2799 788 2853 de
807 2818 864 2870 quo
882 2803 960 2856 mala
976 2821 1030 2874 pro
1047 2804 1132 2859 bonis
1150 2804 1245 2860 doluit

199 2883 384 2953 reaccipisse,
414 2880 657 2953 [occupaveratl.⁴
712 2880 846 2937 Fuerunt
875 2884 976 2939 eodem
1005 2893 1136 2958 tempore
1166 2889 1244 2959 apud

35 2964 135 3018 uidit
199 2966 406 3037 Duustapliam
423 2964 603 3036 justiciarii⁵
621 2966 804 3031 itinerantes,
818 2966 963 3022 Martinus
984 3009 990 3021 .
1012 3010 1019 3022 .
1041 2969 1244 3025 ,1166616166ῦ

35 3038 90 3084 ²⁶³·
200 3049 285 3104 Unde
311 3048 464 3104 Falcasius
490 3048 567 3102 iuter
595 3047 669 3103 alios
687 3048 739 3113 ibi,
760 3049 811 3120 qui
830 3049 938 3104 multos
957 3051 1134 3122 spoliaverat
1152 3060 1182 3109 et
1201 3054 1244 3108 in·

196 3135 277 3206 juste
299 3134 557 3205 depauperaverat,
579 3132 685 3187 cecidit
702 3132 734 3186 in
747 3173 870 3188 .....
890 3134 969 3189 sicut
987 3141 1135 3200 consueto,
1154 3138 1245 3208 jussit

202 3260 231 3272 ..
253 3259 260 3272 .
282 3260 289 3272 .
305 3216 487 3288 justiciarios
506 3220 644 3287 caperent
661 3222 846 3282 memoratos,
865 3223 953 3287 atque
973 3259 979 3272 .
1002 3260 1008 3272 .
1031 3260 1037 3272 .
1058 3221 1242 3275 carceralem.

200 3301 367 3358 Justieiarii
385 3318 455 3356 vero
478 3300 551 3356 talia
570 3341 577 3354 .
599 3300 794 3356 ..fortuitus
819 3301 929 3373 raptim
954 3302 1124 3358 deducebat.
1162 3304 1245 3359 Inter

200 3405 274 3457 quos
293 3428 301 3441 .
322 3428 330 3441 .
351 3429 358 3441 .
380 3431 386 3441 .
403 3387 616 3456 mancipatus.
654 3385 783 3441 Rumore
796 3386 889 3456 igitur
901 3385 1062 3457 divulgato,
1075 3388 1156 3443 venit
1173 3406 1244 3444 uxor

200 3471 331 3540 ejusdem
357 3469 480 3525 Hearici
506 3511 513 3523 .
535 3510 542 3523 .
564 3511 571 3524 .
597 3469 731 3532 concilio,
751 3469 787 3522 de
811 3469 922 3541 injuria
945 3469 1010 3525 viro
1038 3488 1090 3525 666
1116 3471 1245 3543 irrogata

200 3575 266 3610 cum
292 3555 421 3610 lacrimis
447 3553 598 3624 querelam
623 3553 766 3624 deposuit.
815 3553 857 3609 At
881 3572 980 3609 omnes
1001 3595 1242 3610 .........

201 3641 334 3695 obsessos
361 3639 694 3694 excommunicaverunt.
740 3636 824 3706 Quod
841 3643 938 3693 tamen
957 3645 1023 3694 anto
1042 3639 1245 3710 multipliciter

200 3730 432 3794 promeruerunt.
478 3723 551 3777 Erat
575 3722 653 3776 enim
678 3720 753 3775 illud
782 3727 911 3776 castrum
935 3723 1073 3794 spelunca
1098 3722 1244 3778 latronum

35 3812 138 3863 {uidit
200 3814 230 3861 et
255 3827 379 3863 caverna
403 3807 583 3876 regulorum.
634 3805 717 3873 Quod
744 3805 853 3861 sectum
876 3813 922 3862 est
949 3847 955 3860 .
984 3847 991 3860 .
1105 3848 1111 3860 .
1134 3849 1140 3861 .
1160 3815 1244 3863 nocto

35 3883 91 3930 ²⁶⁴·
199 3893 393 3946 continuatus.
440 3889 477 3944 Iu
495 3908 552 3960 quo
570 3890 726 3944 certamine
753 3889 810 3944 duo
836 3890 959 3954 nobiles,
979 3896 1086 3960 praeter
1114 3890 1243 3959 plebeios

48 3989 92 4039 sot
105 3994 174 4040 550.
200 3986 229 4033 61
258 3975 406 4046 vulgares,
437 3976 598 4045 perierunt.
646 3972 776 4028 Tandem
804 4014 1046 4028 .......
1078 3974 1242 4045 cupiebant,

200 4079 299 4118 omnes
326 4059 459 4114 incendio
482 4059 593 4130 pariter
617 4057 871 4127 consumpsissent.
915 4057 1044 4110 Tandem
1075 4098 1242 4115 .....

200 4145 392 4217 postularunt.
432 4142 490 4197 Sed
508 4140 649 4212 quiahoc
669 4141 757 4195 nimis
776 4158 841 4195 sero
863 4181 871 4193 .
892 4182 899 4194 .
920 4180 928 4193 .
947 4140 1065 4194 addicti.
1104 4140 1244 4214 Suspensi

35 4239 138 4292 Ibidii.
200 4235 268 4286 sunt
293 4230 385 4299 igitur
411 4229 488 4282 inter
508 4266 628 4280 .....
649 4243 667 4278 6
690 4232 770 4279 terra
787 4224 885 4279 librati
903 4230 980 4286 sunt,
1001 4224 1053 4279 sed
1076 4243 1244 4298 nouusque

35 4312 90 4359 ²⁶⁵·
200 4310 238 4367 ad
255 4317 379 4366 mortem
396 4308 445 4361 vel
466 4305 682 4376 jugulationem
706 4304 848 4375 suspensi.
886 4304 1033 4360 Henricus
1060 4323 1129 4360 vero
1149 4348 1156 4360 .
1177 4349 1184 4361 .
1206 4349 1213 4361 .
1235 4350 1242 4364 .

237 4483 380 4548 ¹sepaiter]
400 4478 511 4545 signiter,
522 4475 579 4526 MS.
776 4475 787 4504 ⁵
797 4475 947 4541 justiciarii]
978 4475 1033 4527 The
1061 4478 1115 4528 first
1137 4480 1243 4545 syllable

236 4553 690 4625 21161666666]11666661661118.
743 4553 863 4602 hasbeen
876 4555 969 4604 erasm.
1263 4581 1268 4590 .

239 4647 251 4677 ³
267 4639 440 4706 RupeIleares]
461 4634 631 4701 Rupellentea,
644 4632 700 4682 MS.
777 4632 788 4664 ⁶
804 4631 946 4698 disreisino]
965 4632 1082 4698 dissolbe,
1092 4635 1147 4688 Ms.

238 4718 451 4786 ⁴occupoeerol]
482 4713 604 4778 Supplied
637 4713 700 4761 from

203 4800 357 4865 11166691.
