3278 5610
369 799 459 868 308·ν
458 816 625 868 narrum
648 818 860 869 raalsrrusrs
880 819 1110 869 meunvnrro
1132 817 1412 872 canonicorom·

203 999 272 1051 ΔΙ).
287 1005 358 1051 1249.
368 1000 469 1050 votum
486 997 688 1068 triumpharet.
727 995 876 1051 Paridem
887 1001 1003 1066 tempus
1021 995 1179 1061 Henricus,
1193 995 1272 1051 filius
1291 995 1429 1068 impera·

203 1080 299 1143 Henry,
313 1081 451 1145 tenteris,
479 1082 640 1136 literatorie
667 1082 843 1152 supplicavit
866 1079 1051 1135 humillimel
1078 1081 1143 1151 regi
1168 1080 1361 1145 Francorum,
1389 1086 1431 1134 ut

205 1145 285 1196 ΜΘ
369 1164 505 1220 redderet
521 1168 588 1236 regi
605 1165 779 1236 Anglorum,
794 1165 938 1221 avunculo
957 1165 1018 1229 s'uo,
1029 1165 1099 1234 jura
1117 1183 1171 1219 sua
1188 1183 1254 1235 quae
1273 1166 1305 1218 in
1324 1182 1426 1235 regno

204 1227 335 1344 {afflig
370 1267 423 1305 suo
440 1251 539 1321 ipsum
557 1249 780 1319 contingebant;
801 1268 866 1321 quae
893 1249 948 1304 etsi
976 1255 1059 1320 pater
1086 1267 1157 1304 suus
1183 1256 1305 1321 propter
1334 1267 1426 1305 snam

204 1344 318 1395 Iouisin
371 1334 581 1389 contumaciam
601 1335 748 1398 amiserat,
768 1335 832 1405 ipse
849 1352 1008 1404 nunquam,
1029 1335 1075 1389 ira
1092 1334 1223 1399 traduce,
1242 1351 1301 1389 non
1320 1333 1427 1388 deme-

206 1411 295 1489 bcher
301 1412 332 1462 01⁴
371 1418 440 1482 ruit,
461 1418 538 1473 sicut
555 1418 734 1473 desideravit
747 1418 817 1489 jura
842 1418 936 1472 Jhesu
962 1418 1073 1474 Christi
1100 1418 1156 1473 sibi
1183 1418 1220 1473 ab
1247 1417 1425 1472 infidelibus

204 1477 320 1542 thekmss
335 1480 487 1556 ⁰frestitui
513 1501 695 1557 Christianis.
744 1501 870 1572 Indigno
895 1502 973 1556 enim
1004 1520 1021 1555 a
1046 1502 1109 1556 Deo
1135 1501 1265 1573 postulat
1292 1502 1428 1572 quilibet

203 1544 329 1610 Enghnd'
372 1585 565 1650 Christianus,
580 1585 658 1656 quod
669 1586 801 1658 proximo
813 1585 939 1656 denegat
950 1586 1118 1657 postulanti.
1147 1586 1432 1641 Ohristianissimus

371 1673 468 1723 autem
493 1686 544 1723 rex
562 1668 741 1723 Francorum
760 1668 895 1739 precibus
913 1669 1037 1739 gratiosi
1061 1669 1145 1739 pueri
1163 1670 1347 1734 inclinasset,
1368 1669 1426 1725 sed

371 1753 493 1808 consilio
504 1771 658 1823 procerum
671 1771 790 1808 suorum
802 1752 934 1807 obviasse
947 1752 1105 1807 videretur.
1125 1753 1236 1807 Eodem
1248 1772 1324 1808 anno
1333 1771 1425 1809 vene·

205 1837 310 1888 Arrival
322 1838 351 1889 cf
373 1843 441 1892 runt
464 1838 494 1891 in
511 1836 658 1908 Angliam,
681 1834 759 1907 [in]‘·’
783 1837 986 1908 solempnitate
1005 1837 1163 1900 Paschali,³
1181 1838 1425 1910 archiepiscopus

205 1905 315 1970 theabp.
328 1906 357 1955 ⁰f
373 1921 625 1992 Rothomagcnsie,
652 1920 742 1975 frater
765 1921 801 1974 de
826 1918 934 1975 Ordine
959 1919 1117 1985 Minorem,
1138 1921 1271 1993 Riganns
1290 1923 1423 1988 nomine,

205 1972 355 2089 ffignffd
372 2012 407 2060 ut
432 2005 565 2076 quadam
587 2006 657 2075 jura
681 2005 835 2060 ecclesiam
862 2023 945 2059 suam
973 2005 1172 2076 contingentia
1198 2015 1366 2077 reposceret
1392 2015 1427 2064 at

206 2054 322 2155 raaia
374 2090 506 2161 optinuit,
522 2096 551 2145 et
569 2091 722 2161 opiscopus
741 2091 777 2144 de
796 2090 929 2154 Tortusa,
950 2108 1015 2161 quse
1034 2090 1127 2144 estin
1145 2091 1236 2144 Terra
1254 2091 1374 2156 Sancta,
1389 2098 1426 2148 ut

224 2188 351 2252 11Apffl,
373 2175 513 2245 reliquias
543 2176 660 2244 generis
693 2175 739 2229 sui
768 2175 912 2229 visitaret.
962 2172 1009 2228 Ad
1039 2175 1171 2230 clausum
1202 2193 1272 2230 vero
1302 2176 1424 2233 Pascha

375 2299 496 2312 .....
517 2258 711 2313 communiam
729 2259 814 2329 regni
831 2275 885 2329 pro
903 2259 1076 2313 commodo⁴
1093 2259 1177 2329 regni
1197 2263 1227 2313 et
1243 2261 1325 2330 regis
1353 2279 1425 2316 con·
1436 2265 1589 2322 lutumst.

374 2340 538 2397 stituendis.
578 2341 637 2396 Sed
661 2360 728 2397 cum
753 2342 842 2396 breve
868 2358 1040 2412 responsum
1064 2348 1247 2414 reportarent
1270 2361 1305 2399 ac
1329 2345 1424 2401 frivo-

207 2430 326 2494 Rsplytc
373 2424 445 2488 lum,
465 2425 602 2496 poenituit
619 2444 668 2480 eos
689 2426 760 2480 illuc
778 2426 903 2480 inaniter
921 2425 1082 2481 advenisse.
1121 2426 1240 2481 Dictum
1268 2430 1314 2482 est
1341 2430 1423 2484 enim

207 2496 250 2546 ¹¹¹⁶
263 2499 305 2546 ‘¹⁰'
374 2510 494 2575 eisdem,
515 2510 592 2581 quod
609 2511 697 2565 nimis
716 2510 871 2581 cupiebant
889 2510 1013 2580 subjecti
1031 2511 1181 2565 dominum
1199 2530 1285 2566 suum
1309 2512 1340 2566 in
1360 2531 1424 2569 ser·

206 2565 307 2679 ffiffb
373 2595 497 2648 vitutem
522 2594 667 2665 redigere,
688 2595 714 2649 si
740 2593 818 2664 quod
842 2594 963 2648 cuilibet
991 2636 1054 2649 ...
1082 2596 1177 2650 iacere
1204 2595 1421 2667 denegaretur3

207 2696 356 2747 thenoblffi
374 2677 444 2732 licet
469 2679 547 2732 enim
564 2679 686 2733 cuilibet
712 2678 816 2733 domus
843 2697 903 2733 suae
920 2679 1096 2734 constituere
1116 2688 1342 2750 procuratorem,
1381 2683 1423 2738 Et

374 2762 417 2816 sic
435 2762 560 2833 quilibet
578 2781 630 2819 suo
649 2763 807 2817 frustratus
827 2761 981 2827 desiderio,
995 2763 1033 2816 ad
1050 2765 1168 2835 propria
1185 2764 1336 2828 remeavit,
1353 2783 1422 2820 con-

207 2852 349 2920 Preaching
374 2845 474 2900 silium
486 2846 566 2916 regis
579 2846 735 2917 plusquam
747 2863 847 2917 regem
861 2846 1039 2901 detestando.
1077 2848 1196 2902 Fratres
1209 2847 1423 2905 Praedicatores

206 2919 294 2998 (ΜΕ,
376 2935 405 2983 et
422 2929 561 2995 Minores,
581 2949 691 2986 necnon
709 2937 740 2985 et
757 2931 818 2996 alii,
846 2932 877 2985 in
901 2930 1008 3001 peritia
1025 2932 1203 3000 praedicandi
1224 2931 1355 3003 theologi
1375 2951 1423 2988 ex·

207 2987 355 3104 gfflffit
374 3013 466 3084 pediti
484 3020 515 3069 et
531 3014 649 3080 eruditi,
670 3015 701 3068 in
718 3032 790 3086 agro
811 3056 817 3068 .
839 3056 845 3068 .
869 3056 875 3068 .
897 3055 903 3068 .
923 3014 1140 3085 promittebant,
1160 3016 1279 3070 minime
1297 3017 1423 3072 frustra¹
1433 3026 1585 3078 Ibidii'isr.

207 3119 339 3171 adortae
374 3104 485 3164 rentur,
509 3099 730 3169 crucesignatis,
751 3098 910 3153 secundum
930 3100 1161 3171 uniuscujusque
1185 3101 1421 3171 possibilitatem,

207 3189 319 3239 crusade.
374 3182 405 3237 in
422 3183 546 3254 pecunia
557 3183 696 3238 solvenda
713 3183 941 3253 redemptionem
960 3183 1085 3254 benigne
1099 3191 1298 3255 susceperunt.
1325 3185 1423 3241 Immo

375 3267 463 3323 etiam
480 3268 565 3322 laicis
584 3275 613 3324 et
631 3268 747 3338 penitus
767 3268 949 3323 secularibus
969 3267 1103 3323 dominus
1122 3287 1205 3340 papa,
1230 3287 1264 3323 ex
1282 3287 1343 3324 suae
1361 3272 1424 3341 ple-

375 3351 507 3406 nitudine
531 3353 692 3422 potestatis,
721 3353 798 3408 sicut
825 3352 970 3422 quondam
1000 3353 1141 3407 columbae
1176 3362 1207 3408 et
1236 3359 1365 3409 turtures
1392 3356 1424 3410 in

375 3436 483 3505 templo
513 3436 734 3499 vendebantur,⁵
760 3465 982 3489 ———-.
1029 3437 1139 3490 Eodem
1166 3457 1248 3501 anuo,
1280 3439 1423 3494 fabricato
1454 3451 1569 3505 soleas,

376 3521 594 3590 elegantissimo
624 3539 659 3575 cx
689 3539 759 3575 auro
790 3528 819 3576 ct
855 3528 977 3591 argento
1007 3522 1124 3585 feretra
1157 3523 1350 3577 translatum⁶
1376 3533 1424 3580 est

237 3589 338 3640 Nune·
376 3603 480 3659 iterato
501 3645 621 3658 .....
647 3604 835 3659 multitudine
864 3606 988 3676 copiosa,
1020 3606 1159 3660 videlieet
1185 3626 1212 3660 v.
1240 3606 1306 3660 idus
1338 3607 1423 3662 Junii
1433 3616 1582 3668 Ibidiiiss.

377 3728 384 3740 .
406 3729 412 3740 .
435 3729 441 3741 .
462 3688 613 3742 Feliciani.
652 3689 757 3744 Comes
782 3689 993 3759 chrccestriae
1014 3690 1123 3753 Simon,
1144 3691 1174 3743 in
1201 3691 1333 3745 omnibus
1360 3700 1424 3747 stu·

374 3771 445 3826 dens
471 3771 631 3842 patrissare
652 3813 658 3824 .
681 3814 687 3826 .
710 3815 716 3825 .
737 3775 925 3843 expugnavit,
955 3774 1089 3829 ciiitatcs
1121 3782 1150 3829 et
1175 3782 1271 3829 castra
1300 3793 1422 3848 occupa·

374 3856 426 3919 vit,
465 3856 595 3910 hostium
626 3874 745 3910 suorum
782 3858 890 3912 multos
931 3858 1057 3927 capiens,
1096 3860 1203 3914 multos
1243 3878 1350 3931 cogens
1385 3861 1423 3916 ad

376 3939 485 3993 domini
515 3941 594 4011 regis
623 3940 793 3995 fidelitatem
828 3942 935 4006 redire,
968 3949 997 3997 et
1028 3944 1143 4013 aliquos
1173 3944 1267 3997 eidem
1306 3943 1423 3999 domino

209 4025 319 4076 Wlliam
375 4025 440 4093 regi
465 4025 595 4095 captivos
620 4024 778 4079 Londoniis
806 4027 876 4081 fecit
902 4028 1081 4097 praescntari.
1119 4028 1286 4082 Willelmus
1308 4029 1423 4099 Longa·

209 4094 355 4158 Idssssfflp&
376 4115 467 4179 spata,
487 4110 572 4163 milcs
591 4109 839 4179 elegantissimus,
863 4112 945 4165 annis
971 4113 1131 4182 pubescens
1150 4112 1340 4183 juvenilibus
1360 4113 1423 4167 filio

409 4340 415 4371 ¹
433 4339 573 4406 humillime]
593 4340 730 4401 humilima,
743 4341 799 4393 MS.
923 4344 966 4393 the
988 4360 1062 4409 page,
1081 4347 1131 4394 and
1154 4361 1188 4395 no
1207 4344 1287 4394 aidis
1309 4345 1421 4395 afforded

406 4419 471 4484 ²in]
493 4420 689 4484 Suppliedfrom
701 4420 769 4472 Hire.
782 4421 853 4485 Acyl.
921 4426 956 4488 by
976 4425 1017 4474 the
1038 4425 1151 4474 Historia
1174 4423 1304 4491 duplorum
1326 4439 1356 4472 cr
1377 4423 1422 4473 ihc

406 4497 565 4564 ³Parctale']
585 4500 694 4561 Pascali,
706 4500 762 4550 MS.
922 4505 1028 4555 Greatcr
1056 4505 1197 4564 Chronicle,
1227 4506 1265 4553 cd.
1286 4505 1366 4564 ll'ats,
1395 4519 1421 4566 p.

407 4577 416 4607 ⁴
433 4578 563 4642 corrrmodc]
583 4581 696 4642 comodo,
708 4581 765 4631 MS.
920 4587 976 4634 766.

406 4657 416 4687 ⁵
435 4656 611 4723 vendebantur]
634 4660 691 4708 The
710 4669 765 4710 text
784 4661 874 4711 breaks
953 4661 1139 4729 ‘'translatum]
1159 4673 1185 4715 et
1195 4665 1352 4724 umanum,
1362 4662 1422 4714 MS.

373 4737 412 4786 off
419 4737 481 4786 herc-
489 4738 620 4802 suddenly,
631 4747 658 4789 at
675 4740 718 4789 the
735 4742 830 4792 bottom
847 4741 878 4790 of
