3278 5610
350 786 399 836 nr
421 784 582 836 mucan
604 784 705 834 ancre
728 782 887 847 nnrarcr,
911 781 977 831 vrz.
1001 781 1124 832 rnurrr.
1194 768 1256 829 111

206 960 417 1027 intuentibus
451 959 606 1026 omnibus
638 981 708 1024 non
747 965 881 1024 tantum
913 959 1176 1038 admirationem,
1203 957 1341 1023 sedai).
1355 976 1426 1022 1251.

209 1064 313 1130 etiam
347 1067 517 1150 stuporem
553 1061 740 1138 suscitavit,
772 1083 847 1126 cum
880 1061 1007 1126 tumbae
1034 1061 1164 1125 circiter
1186 1082 1260 1126 cen-

207 1165 345 1231 tenariae
367 1150 587 1230 censerentur.
634 1162 792 1227 Fratrum
808 1162 912 1249 igitur
927 1162 1142 1249 superstitum
1159 1161 1261 1247 aliqui
1273 1176 1392 1254 Superior

206 1266 276 1334 haee
309 1265 553 1354 perpendentes
585 1265 831 1351 ingemuerunt,
862 1269 896 1330 et
926 1264 969 1329 ab
1001 1265 1070 1330 alto
1093 1244 1423 1330 talrontesfflmifflf

206 1369 348 1458 suspiria
370 1370 463 1434 intra
486 1390 529 1446 sc,
551 1367 718 1443 dixerunt,
744 1367 801 1433 “O
826 1389 925 1452 quam
948 1367 1153 1432 venerabiles
1174 1367 1258 1431 exti-
1271 1310 1424 1440 ppnqnflqiept

207 1477 277 1538 tere
299 1473 427 1559 priores
450 1480 489 1536 ac'
511 1474 624 1557 patres
646 1469 753 1534 nostri
776 1470 981 1556 praeambuli,
1005 1491 1145 1555 quorum
1168 1469 1261 1554 sequi
1272 1457 1427 1561 ffipffl

207 1573 352 1660 vestigia
384 1578 576 1638 teneremur
607 1577 641 1637 et
672 1576 752 1636 voto
787 1571 982 1658 obligamur,
1021 1572 1100 1636 dum
1138 1571 1262 1636 talibus
1272 1574 1331 1625 then
1342 1576 1428 1641 living.

208 1681 395 1756 uterentur,
435 1699 510 1763 quae
547 1675 673 1741 indicia
709 1680 790 1741 sunt
828 1674 1026 1754 sanctitatis,
1059 1672 1261 1738 humilitatis

212 1784 248 1847 ct
269 1779 448 1866 religionis.
496 1778 525 1843 Ο
558 1779 708 1863 qualiter,
732 1777 832 1857 Deus,
857 1776 1050 1842 testimonia
1076 1782 1136 1842 tua
1157 1775 1262 1842 eredi-

209 1881 290 1947 bilia
320 1881 411 1946 facta
443 1884 524 1945 sunt
553 1879 663 1960 nimis,
688 1901 726 1944 ac
751 1879 914 1944 bonitatis
936 1884 1004 1944 tuae
1027 1901 1065 1945 ac
1088 1878 1261 1944 fidelitatis

208 1987 408 2071 argumenta
438 1981 623 2058 manifesta,
659 1982 824 2069 praecipue
857 1981 894 2046 in
925 1981 1071 2046 ossium1
1102 1980 1261 2047 suorum2

207 2085 464 2152 humiliatorum
497 2084 630 2150 illorum
662 2085 803 2150 caudore
841 2088 876 2149 et
906 2083 1110 2170 fragrantia!
1166 2083 1260 2151 Tunc

208 2187 367 2253 nimirum
390 2187 425 2251 in
459 2185 691 2273 spiritualibus
714 2190 750 2250 et
772 2186 1011 2272 temporalibus
1033 2186 1259 2273 religiosorum

208 2289 352 2357 ecclesiae
383 2288 465 2354 felix
498 2293 712 2374 susceperunt
742 2289 993 2367 incrementum,
1018 2311 1094 2375 quae
1116 2289 1153 2354 in
1176 2311 1260 2377 pruc-

209 2393 404 2471 scntiarum,
429 2392 501 2457 Deo
525 2391 664 2469 vindice,
688 2392 936 2476 contempnitur
968 2396 1003 2455 et
1036 2391 1260 2479 impugnatur.

210 2494 417 2561 Erubescant
448 2493 599 2559 moderni
633 2494 796 2572 mollibus,
829 2493 1009 2558 subtilibus
1041 2501 1075 2561 et
1109 2496 1262 2583 pretiosis

209 2597 334 2674 vestiti,
367 2596 467 2660 immo
502 2594 614 2681 potius
648 2595 809 2675 adornati,
834 2616 909 2659 cum
939 2596 1109 2682 praecipiat
1130 2603 1263 2663 sanctus

210 2699 410 2765 Benedictus
449 2699 539 2783 quod
576 2701 627 2763 est
672 2697 782 2777 vilius,
822 2720 890 2763 non
928 2700 1115 2786 pretiosius,
1152 2722 1264 2766 mona-

210 2802 281 2867 chis
312 2800 526 2866 induendum.
573 2799 654 2865 Osi
681 2799 752 2865 haec
774 2807 908 2866 sanctus
930 2801 1018 2866 idem
1042 2802 1262 2868 Benedictus³

210 2904 342 2969 videret
363 2903 400 2966 in
423 2901 588 2989 praesenti,
611 2902 712 2967 immo
736 2908 822 2968 certe
846 2903 925 2989 quia
946 2905 1048 2981 videt,
1074 2905 1132 2990 qui
1154 2907 1262 2971 adhuc

210 3005 249 3071 in
271 3026 404 3092 corpore
437 3004 629 3069 universum
660 3004 846 3068 mundum⁴
868 3005 930 3069 sub
960 3004 1059 3069 solari
1080 3007 1174 3072 radio
1197 3009 1262 3073 col-

211 3107 336 3174 lectum
368 3106 665 3192 contemplabatur,
699 3107 841 3191 qualiter
872 3106 1118 3173 offendereture
1173 3110 1202 3174 O
1234 3110 1262 3175 si

211 3213 361 3276 cerneret
393 3209 464 3275 haec
495 3209 613 3273 beatus
636 3208 832 3287 Bernardus,
857 3208 1000 3294 qualiter
1022 3208 1264 3295 obgrunniretl

213 3311 359 3377 Dicebat
380 3332 523 3397 namque
558 3318 592 3376 et
614 3309 756 3396 scripsit,
782 3316 800 3346 “
815 3309 978 3376 Monacho
1009 3310 1136 3375 lautius
1158 3318 1263 3397 pasto,

213 3413 382 3481 decentius
404 3414 538 3491 vestito,
561 3411 730 3478 strictius⁵
745 3413 893 3493 calciato,
909 3413 993 3478 nihil
1009 3412 1080 3478 Deo
1094 3413 1262 3479 abomina-

214 3516 321 3594 bilius,
345 3537 424 3580 nam
447 3515 612 3600 superbiae
635 3520 715 3581 sunt
736 3515 887 3582 indicia.”

217 3715 309 3786 otiu
333 3716 517 3805 &alfridus
538 3717 771 3804 Dispensator.
809 3717 1004 3786 cadoldus
1025 3720 1073 3788 ud
1095 3726 1262 3788 terrorem

261 3850 332 3918 Etl
347 3853 463 3918 eodem
480 3859 627 3938 tempore
642 3853 727 3918 obiit
743 3853 796 3918 vir
811 3853 933 3920 nobilis
949 3861 983 3922 et
1006 3863 1166 3935 strennue,
1182 3855 1260 3922 Gal·
1277 3858 1362 3909 Death
1373 3858 1402 3909 of

215 3953 321 4019 fridus
337 3954 564 4040 Dispensator,
581 3956 616 4018 in
639 3955 766 4041 palatio
789 3957 874 4042 regis
898 3959 1086 4024 consiliator
1109 3959 1264 4045 specialis.
1277 3926 1397 4057 sagq

216 4055 381 4120 Dominus
403 4077 490 4142 papa
513 4058 815 4122 excommunicavit
838 4059 891 4123 die
916 4059 1029 4126 Coenae
1051 4063 1265 4149 solempniter
1299 4028 1426 4139 25May..

1115 4208 1250 4217 ...z

251 4274 258 4305 ¹
276 4275 379 4341 casium]
398 4275 486 4335 osium,
498 4274 555 4324 MS.
798 4275 949 4341 ⁴mundum]
972 4276 1026 4326 The
1048 4281 1139 4329 second
1160 4281 1266 4346 syllable

249 4352 261 4385 ²
276 4354 388 4420 sucrum]
419 4354 517 4417 horum,
539 4353 580 4414 B,
603 4353 719 4418 omitting
766 4354 895 4404 interliual
906 4356 940 4419 by
952 4371 967 4405 a
978 4356 1027 4406 late
1040 4357 1115 4406 band.

217 4432 320 4485 illorum.
798 4432 808 4463 ὃ
825 4434 948 4499 strictius]
968 4422 1060 4495 secius,
1070 4436 1128 4488 MS.

251 4512 261 4543 ³
280 4512 339 4562 ulem
356 4511 518 4577 Benedictus]
537 4511 650 4563 written
666 4511 719 4562 Be·
798 4511 808 4542 ⁶
825 4512 876 4578 Er]
897 4514 951 4564 The
963 4515 1034 4565 letter
1051 4523 1060 4563 t
1076 4515 1096 4566 is
1113 4535 1146 4568 on
1164 4534 1197 4569 an
1214 4534 1267 4571 cru·

218 4590 326 4640 relictus
348 4590 417 4654 idem,
440 4593 486 4642 bnt
507 4591 613 4643 marked
638 4599 664 4642 to
687 4594 718 4642 bc
765 4608 831 4643 sure.

218 4672 374 4734 uanrposed
