3278 5610
432 765 480 815 DE
501 767 660 816 TEMPORE
684 767 784 817 REGIS
807 768 961 828 naualcl,
983 768 1050 817 vlz.
1073 768 1196 818 TERTII.
1292 755 1334 821 53

287 957 360 1000 sum
399 936 542 1023 praebuit
587 938 803 1003 intuentibus.
860 939 1005 1005 Minores
1042 940 1177 1005 tandem
1215 940 1334 1005 fratres
1346 952 1417 1010 Μ).
1431 962 1502 1010 rats.

286 1036 460 1104 sanetum¹
486 1060 602 1126 corpus
624 1041 873 1107 intumularunt
895 1041 1091 1128 dampnati2
1108 1043 1257 1129 episcopi,
1275 1039 1335 1108 et³

284 1139 370 1206 illud
402 1139 584 1206 Fretheriei
616 1143 783 1209 carnifices
815 1143 855 1209 de
888 1145 1018 1209 tumulo
1053 1145 1272 1223 extrahentes,
1296 1167 1334 1210 ae

285 1243 473 1328 perlatum
502 1245 681 1323 trahentes,
706 1247 828 1311 iterum
861 1248 1114 1334 suspenderunt,
1137 1269 1204 1313 non
1237 1247 1333 1334 depo·

285 1345 430 1410 nendum
453 1347 575 1432 absque
605 1349 684 1414 novi
709 1348 810 1414 Pilati
834 1349 969 1415 licentia
991 1350 1130 1435 speciali.
1177 1350 1333 1435 Aliosque

286 1447 428 1514 ecclesiae
466 1451 648 1516 eminentes
685 1473 849 1537 personae,
883 1451 1036 1538 praelatos
1074 1457 1213 1531 sanctos,
1252 1453 1332 1517 adeo

285 1548 454 1616 odibiliter
476 1554 743 1639 persequebatur,
760 1559 799 1619 ut
823 1554 1002 1619 multorum
1017 1554 1160 1640 gratiam
1180 1556 1333 1621 amittere

285 1653 386 1738 coepit
419 1658 454 1718 et
487 1655 642 1720 favorem.
701 1655 783 1721 Haec
816 1661 929 1722 autem
963 1657 998 1720 in
1034 1657 1171 1743 epistola
1205 1657 1334 1744 plenius

284 1755 468 1842 conscripta
489 1757 524 1820 in
548 1758 633 1822 libro
658 1758 972 1825 Additamentorum
997 1764 1156 1845 poterunt
1177 1759 1335 1847 reperiri.4

288 2045 333 2111 De
344 2044 440 2111 obita
454 2045 702 2133 arctmpisoopi
729 2048 949 2132 Mapaatiai,
967 2055 997 2114 et
1020 2049 1059 2113 de
1090 2047 1333 2135 amputationis

470 2157 576 2234 potest
563 2150 643 2216 tutis
665 2150 911 2237 archicpiscopi
935 2149 1152 2216 Coloaicasia

328 2305 541 2392 Temporibus
568 2330 696 2395 quoque
726 2308 787 2373 aub
810 2308 933 2373 eisdem
957 2306 1042 2372 obiit
1072 2307 1331 2394 archiepiscopus
1344 2321 1471 2374 Denthof

284 2408 508 2494 Maguntinus,
546 2411 599 2474 vir
636 2412 672 2475 in
711 2411 897 2476 Germaniae
935 2410 1085 2496 partibus
1123 2432 1184 2474 auc
1185 2389 1497 2520 tonatisffijgtgff

282 2512 446 2591 maximae,
469 2534 608 2599 magnus
623 2519 657 2578 et
672 2514 876 2579 indefessus'
867 2513 1021 2578 mimicus
1045 2512 1233 2578 Fretheriei.
1265 2512 1331 2577 Sed
1343 2523 1394 2573 and
1403 2523 1494 2574 favour

283 2633 324 2676 ne
347 2613 439 2678 de
411 2636 480 2699 eJue
503 2621 609 2681 morte
632 2616 718 2681 idem
743 2614 985 2702 F[rethericus]
1019 2615 1076 2679 diu
1099 2615 1330 2702 gratularetur,
1345 2588 1499 2721 ξὴζζὲρξῖω

283 2715 437 2781 dominus
467 2740 553 2804 papa
590 2718 779 2782 tradidit
769 2741 878 2805 1psum
915 2717 1275 2804 archiepiscopatum
1260 2738 1333 2803 Jam
1344 2721 1455 2787 theabp.
1467 2726 1498 2773 οἱ

284 2824 455 2884 vasantem
480 2820 641 2906 potestati
665 2842 703 2885 ao
719 2820 921 2886 ordinationi
943 2820 1177 2906 archiepiscopi
1202 2818 1332 2884 Coloni·
1345 2788 1466 2855 ⁰⁰¹⁰&

284 2921 381 3001 ensis,
398 2921 469 2988 Deo
495 2928 529 2987 et
556 2923 698 2988 ecelesiae
721 2923 863 2988 fideliter
889 2922 1073 2987 militantis.
1107 2922 1150 2986 Et
1166 2925 1333 3008 praeterea,

284 3044 397 3089 omnes
419 3032 602 3111 proventus
631 3026 801 3110 cujusdam
832 3025 1045 3089 nobilissimae
1075 3023 1221 3088 abbatiae
1252 3029 1333 3087 tuno
1436 3092 1439 3097 ,

284 3127 441 3203 vacantis,
466 3127 559 3211 cujus
581 3127 685 3193 abbas
707 3133 872 3213 superstes
899 3131 1033 3191 tenetur
1056 3125 1210 3210 obsequio
1230 3125 1333 3211 impe·

282 3229 400 3293 ratoris
412 3229 478 3294 tria
494 3229 585 3293 milia
600 3230 746 3294 militum
762 3228 916 3294 exhibere
930 3253 938 3307 ;
954 3249 1074 3292 nomen
1088 3226 1177 3290 illius
1192 3226 1333 3291 coenobii

214 3328 223 3341 '
284 3331 391 3396 Volsa.
453 3333 655 3397 Memoratus
692 3333 796 3418 igitur
827 3331 1089 3416 archiepiscopus
1128 3327 1333 3392 Coloniensis

283 3455 396 3499 omnes
419 3434 590 3500 thesauros
613 3435 786 3519 utriusque
810 3433 953 3498 ecclesiae
969 3429 1118 3517 accepit,⁵
1134 3438 1168 3494 et
1183 3431 1219 3493 in
1234 3452 1333 3517 nego-

282 3537 340 3601 tiis
363 3538 520 3623 expendit
542 3537 752 3602 militaribus.
799 3535 1007 3623 Significavit
1037 3536 1171 3619 insuper
1201 3533 1332 3599 domino

282 3641 402 3726 legato,
426 3641 482 3726 qui
504 3632 762 3705 iu'Alemannia
792 3639 925 3725 negotia
960 3637 1102 3703 ecclesiae
1134 3637 1332 3722 procuravit,

282 3741 436 3806 dominus
459 3764 553 3828 papa,
578 3749 617 3807 ut
639 3743 724 3806 hanc
747 3763 840 3805 suam
862 3740 1004 3827 gratiam
1028 3743 1063 3805 et
1093 3739 1332 3806 concessionem

283 3849 414 3910 curaret
438 3845 611 3910 observare
633 3844 876 3910 inviolabiliter.

316 4109 324 4141 ¹
341 4110 462 4175 sanctum]
482 4110 526 4174 qui
538 4119 659 4172 sanetum,
671 4110 726 4161 MS.
861 4107 871 4136 ³
889 4108 1003 4171 episcopi,
1015 4103 1052 4169 et]
1072 4104 1113 4155 On
1125 4119 1157 4154 an
1169 4117 1277 4153 erasure.

315 4188 693 4255 ιΖ1111001100]1111110111,1118.
727 4189 783 4239 The
861 4217 1017 4275 ffiemtey
1031 4223 1131 4278 ΜΗ.
1146 4187 1190 4265 ’ᾖ

281 4270 365 4319 vords
378 4271 421 4333 qui
433 4307 439 4319 .
452 4307 458 4319 .
477 4306 483 4318 .
495 4270 623 4335 dampnati
634 4285 675 4319 are
684 4269 783 4319 written

283 4364 344 4398 orer
362 4364 395 4398 an
414 4364 521 4408 erasure,
533 4351 616 4414 partly
628 4349 745 4412 onaslip
757 4349 787 4397 of
861 4346 997 4409 ⁵accepit]
1051 4343 1196 4409 Originally
1231 4345 1330 4395 written

281 4428 467 4491 vellumpasted
475 4430 553 4478 above
563 4431 612 4477 and
620 4428 733 4493 partlyin
741 4428 783 4476 the
827 4425 929 4485 abrasit,
940 4426 986 4474 but
1006 4424 1133 4472 corrected
1153 4439 1185 4473 ou
1204 4424 1286 4487 calip
1305 4426 1338 4475 oi

281 4508 389 4571 margin.
408 4508 463 4557 The
475 4516 530 4557 text
541 4516 566 4557 at
575 4509 630 4557 first
638 4509 709 4556 stood
718 4507 783 4562 thus,
828 4506 924 4556 vellum
935 4505 1023 4569 pasted
1034 4505 1119 4553 above.

273 4587 362 4650 furati
372 4594 429 4636 sunt
438 4604 526 4652 corpus
538 4589 623 4652 ipsuis,
635 4602 662 4636 as
673 4588 699 4634 in
711 4587 741 4636 B.
754 4586 782 4636 C.
