3278 5610
427 808 475 858 ns
495 809 654 858 rmrrons
675 808 775 858 ssurs
798 808 945 859 ussurer
967 808 1090 857 resurr.
1214 796 1276 858 241

235 982 400 1054 Anglorum
412 983 596 1039 intendentes
609 989 639 1039 et
649 983 767 1038 vexillo.
805 983 1017 1039 Perrexerunt¹
1035 983 1128 1054 igitur
1140 984 1279 1039 audacter
1292 987 1360 1040 AD.
1375 995 1447 1046 1217.

234 1087 323 1123 naves
342 1067 541 1133 ascendeutes,
569 1072 600 1122 et
624 1068 804 1123 velificantes
828 1067 1038 1122 benedicebant
1062 1085 1111 1122 eos
1139 1067 1276 1139 episcopi.

236 1153 426 1223 Obliquantes
444 1151 538 1222 igitur
550 1149 712 1215 draccum,
726 1170 792 1223 quae
809 1151 973 1221 vulgariter
994 1151 1102 1206 dicitur
1121 1151 1202 1216 Losa,
1215 1153 1280 1206 visa
1290 1149 1407 1230 Engage:

235 1237 327 1292 classe
346 1235 589 1299 adversariorum,
614 1254 671 1291 nou
697 1236 812 1290 obviarn
840 1237 883 1290 eis
902 1235 953 1290 sed
972 1253 989 1289 a
1006 1236 1117 1290 dextris
1135 1236 1224 1298 ibant,
1245 1254 1278 1290 ae
1291 1225 1359 1266 mem
1370 1218 1431 1268 'mh

235 1321 260 1374 si
287 1320 398 1375 vellent
423 1320 504 1375 adire
530 1321 685 1376 Oalesiam.
733 1319 816 1388 Quod
842 1339 909 1375 cum
930 1361 936 1374 .
959 1362 965 1373 .
988 1361 993 1373 .
1014 1321 1064 1383 ait,
1087 1323 1105 1346 “
1121 1320 1197 1382 Scio,
1218 1282 1445 1413 scioghhssmch

235 1404 305 1475 quid
325 1446 332 1458 .
354 1446 360 1458 .
383 1446 389 1458 .
410 1405 578 1469 latrunculi,
611 1404 762 1459 eredentes
793 1404 874 1458 illam
912 1404 1044 1458 iuvenire
1075 1404 1276 1468 immunitsm3

235 1489 375 1543 falluntur
393 1489 449 1544 boc
467 1487 619 1560 opinando,
640 1488 692 1544 sed
710 1489 806 1559 magis
824 1487 973 1553 fallentur,
987 1489 1043 1543 etsi
1062 1495 1161 1543 essent
1178 1488 1277 1558 plures

233 1573 264 1626 in
283 1573 414 1645 decuplo,
432 1571 630 1628 dimicando.'’
674 1572 713 1627 Et
731 1588 798 1627 ecce
816 1572 926 1642 Angli*
938 1573 1028 1627 maris
1047 1572 1144 1642 periti,
1165 1589 1231 1627 curn
1245 1589 1276 1626 se

236 1697 241 1709 .
264 1697 270 1709 .
293 1698 299 1710 .
320 1663 487 1712 transverso
506 1657 700 1721 sinistrantes,
720 1664 827 1710 vento.
844 1697 849 1709 .
867 1697 873 1709 .
894 1656 1039 1720 alacriter,
1060 1656 1183 1711 sinuatis
1201 1656 1275 1710 velis

234 1746 264 1794 et
288 1759 383 1811 nsque
408 1741 445 1796 ad
469 1742 667 1796 summitatem
691 1740 762 1795 mali
788 1740 953 1811 suspensis,
974 1746 1090 1795 etcum
1107 1741 1276 1809 attigissent

236 1866 242 1877 .
265 1867 271 1878 .
294 1866 300 1879 .
320 1824 471 1881 violenter.
504 1825 657 1880 Hubertus
669 1841 749 1889 vero,
764 1841 832 1879 oum
851 1825 913 1878 suis
931 1824 1033 1879 amicis
1052 1831 1082 1879 et
1100 1825 1188 1879 sociis
1206 1825 1275 1878 fide·

233 1907 312 1962 libus
330 1908 368 1963 ad
384 1926 515 1980 unguem
533 1909 664 1972 armatis,
685 1925 773 1963 unam
800 1949 807 1962 .
836 1949 843 1962 .
874 1907 1011 1962 .vexilla
1027 1907 1208 1962 Francorum
1226 1925 1275 1962 uo-

233 1992 347 2057 bilium,
367 2011 433 2063 quea
450 2000 580 2057 noverat,
596 2011 683 2064 quam
696 1992 864 2063 specialiter
876 1991 1095 2064 insequebatur,
1110 1998 1140 2045 et
1155 2010 1209 2063 per
1221 1992 1275 2046 hoc

234 2075 388 2147 perpendit
404 2077 500 2148 ipsam
517 2076 665 2132 nobilibus
684 2077 777 2131 fuisse
796 2077 946 2139 refertam,
966 2075 1075 2146 attigit,
1097 2077 1225 2140 attraxit,
1247 2082 1276 2130 et

234 2166 386 2215 attractam
415 2161 488 2232 agili
518 2160 596 2216 saltu
631 2161 761 2216 intravit.
814 2161 854 2215 Et
883 2160 934 2231 qui
961 2202 968 2215 .
996 2202 1002 2214 .
1031 2202 1038 2214 .
1066 2167 1214 2223 antennas,
1246 2167 1276 2214 ct

233 2243 357 2297 maxime
387 2244 529 2313 auguinas
556 2244 667 2299 malum
694 2250 724 2299 et
748 2244 848 2299 velum
875 2244 1070 2308 sustinentem
1099 2249 1129 2298 et
1153 2242 1276 2298 cecidit²

234 2367 240 2379 .
262 2368 268 2380 .
291 2368 297 2380 .
318 2328 457 2383 irretitas.
494 2328 587 2399 Angli
605 2345 693 2400 super
711 2345 760 2383 eos
779 2327 968 2383 discurrendo
984 2327 1212 2399 suppeditantes,
1227 2344 1277 2382 eos

231 2410 359 2465 cultellis
378 2419 409 2466 et
425 2411 536 2466 lanceis
554 2412 759 2477 confoderunt,
779 2418 894 2467 etcum
912 2429 962 2466 eos
974 2411 1154 2481 detegerent,
1174 2411 1278 2465 nobili·

83 2493 126 2544 fot
139 2500 206 2547 soa.
231 2493 329 2548 oribus
351 2535 357 2548 .
379 2536 386 2548 .
408 2535 415 2548 .
436 2502 548 2549 ceteros
577 2495 774 2559 conciderunt,
804 2503 834 2550 et
861 2496 1045 2550 detruncatos
1064 2495 1095 2548 in
1113 2512 1194 2548 mare
1212 2512 1278 2565 pro-

227 2576 370 2646 jecerunt.
409 2578 564 2649 Philippus
583 2596 653 2634 vero
671 2579 708 2634 de
725 2580 863 2635 Albineto
889 2587 919 2633 et
945 2578 1055 2633 milites
1074 2585 1104 2633 et
1120 2578 1274 2640 balistarii,

231 2668 319 2732 atque
339 2663 486 2731 sagittarii
504 2680 572 2718 cum
590 2663 806 2726 fundibalariis,
825 2664 857 2717 in
884 2663 1011 2718 Francos
1039 2663 1099 2718 tela
1125 2663 1277 2717 mortifera

231 2763 297 2799 cum
316 2746 463 2816 lapidibus
482 2747 704 2815 infatigabiliter
721 2748 962 2811 transmittentes,
982 2748 1103 2801 nimiam
1115 2764 1150 2800 ex
1162 2749 1276 2801 obstan·

231 2829 312 2882 tibus
331 2839 463 2899 stragem
475 2837 676 2884 exercuerunt.
714 2831 910 2885 Habuerunt.
927 2872 934 2885 .
951 2873 957 2884 .
974 2873 980 2884 .
999 2872 1004 2884 .
1028 2873 1034 2884 .
1056 2873 1062 2884 .
1083 2836 1274 2885 exoaecarunt.

233 2910 321 2967 Fuit³
339 2913 417 2966 inter
437 2954 443 2965 .
466 2953 472 2965 .
494 2954 500 2966 .
523 2953 529 2966 .
550 2913 581 2966 iu
600 2913 684 2967 brevi
701 2914 797 2968 luerat
813 2914 930 2984 penitus
948 2914 1105 2968 infirmata.
1142 2913 1220 2967 Nam
1239 2913 1275 2967 ab

235 3037 242 3049 .
263 3035 270 3048 .
292 3037 298 3049 .
321 3037 328 3049 .
350 3036 356 3049 .
376 2995 594 3065 mergebantur.
634 2996 707 3067 Spes
720 2997 821 3051 auxilii
841 3005 892 3051 aut
910 2998 988 3066 sugas
1007 3015 1063 3051 non
1083 2997 1274 3051 imminebat*

232 3079 316 3134 Unde
328 3079 424 3143 multi,
438 3097 475 3134 ne
493 3085 667 3150 caperentur
685 3081 720 3134 ab
738 3080 871 3134 hostibus
889 3080 1064 3143 trucidandi,
1079 3098 1143 3135 sese
1162 3085 1273 3150 sponte,

232 3166 317 3235 quasi
347 3164 453 3234 mergi,
485 3164 515 3218 iu
545 3164 636 3218 maris
666 3163 771 3217 fluctus
801 3164 988 3234 projecerunt
1014 3206 1020 3217 .
1050 3205 1056 3217 .
1087 3206 1093 3217 .
1125 3165 1274 3219 voluntate

231 3248 465 3302 adversariorum
485 3248 559 3318 capi,
580 3248 764 3311 incarcerari,
785 3244 935 3312 dimendi,⁵
954 3248 1001 3301 vel
1020 3247 1157 3311 interimi,
1173 3265 1274 3302 secun·

231 3331 301 3386 dum
328 3332 403 3386 illud
430 3330 625 3402 Philosophi‚⁶
653 3335 671 3358 ‘⁶
685 3331 824 3387 Hostium
845 3373 850 3385 .
874 3373 880 3384 .
903 3373 909 3384 .
929 3331 1034 3386 mori.”
1071 3330 1163 3401 Angli
1181 3331 1274 3402 igitur

233 3456 375 3471 .......
389 3417 590 3481 intruserunt;
610 3416 824 3487 perpendentes
837 3416 990 3478 veraciter,
1006 3415 1121 3486 quodsi
1135 3433 1274 3486 prospere

231 3505 448 3574 applicuissent,
468 3503 575 3574 Anglis
593 3504 712 3558 minime
730 3504 939 3575 pepercissent.
976 3503 1058 3557 luter
1076 3509 1188 3557 ceteros
1209 3545 1215 3556 .
1237 3543 1243 3555 .
1266 3543 1272 3555 .

231 3589 370 3658 quaesitus
396 3589 574 3643 Eustachius
592 3587 764 3654 Monachus,
784 3588 969 3658 multumque
995 3586 1188 3650 desideratus,
1208 3604 1274 3656 pro·

229 3672 308 3727 ditor
328 3715 334 3726 .
357 3715 363 3726 .
386 3715 392 3726 .
412 3673 619 3743 nequissimus.
660 3673 733 3728 Erat
751 3680 848 3728 autern
867 3671 1056 3725 Flaudrensis
1075 3672 1200 3734 natione,
1221 3670 1273 3723 ali·

229 3755 343 3825 quando
370 3763 488 3826 portans
515 3756 648 3812 habitum
671 3758 832 3828 religionis,
853 3756 905 3811 sed
922 3774 976 3828 pro
994 3756 1156 3810 hereditate
1174 3773 1272 3810 conse·
1286 3760 1441 3814 Eustscethe

229 3840 352 3910 quenda,
367 3842 457 3895 fratre
476 3859 529 3896 suo
542 3842 604 3896 sine
623 3841 725 3897 liberis
743 3849 930 3913 praemortuo,
944 3841 1046 3895 relicto
1061 3879 1163 3893 .....
1177 3840 1272 3893 iactus
1285 3825 1366 3877 M⁰¹¹¹¹
1376 3838 1420 3894 put

229 3932 283 3986 cst,
303 3933 332 3978 et
350 3925 461 3979 fructus
483 3967 661 3980 .......
682 3934 771 3997 caput
788 3926 853 3995 ejus
872 3925 1043 3996 amputavit.
1081 3924 1156 3979 Cum
1174 3895 1403 3978 autemmmm

229 4007 392 4070 Hubertus,
417 4009 511 4063 victor
529 4010 816 4073 miraculosissimus,
837 4008 875 4063 sd
900 4050 906 4062 .
934 4050 940 4062 .
964 4051 970 4062 .
999 4049 1005 4061 .
1027 4007 1216 4078 solempniter
1242 4015 1272 4062 et

228 4088 368 4153 dicentes,
384 4091 588 4146 “Benedictus
602 4093 652 4162 qui
670 4092 799 4147 venitin
817 4092 932 4146 nomine
951 4090 1119 4145 Domini.”⁷
1149 4090 1271 4161 Magna-

227 4180 272 4228 tes
291 4173 412 4245 insuper
430 4182 624 4246 expectantes,
645 4181 698 4229 ut.
715 4217 722 4229 .
738 4218 744 4229 .
760 4217 767 4228 .
781 4183 912 4244 argento,
933 4175 1017 4244 equis
1036 4182 1066 4230 ct
1084 4175 1183 4239 armis,
1204 4194 1271 4229 cum

262 4343 269 4375 ¹
286 4342 466 4409 Parumne]
485 4345 649 4405 Perexerunt,
660 4344 716 4394 Ms.
770 4343 880 4403 dimendi,
888 4346 933 4393 but
943 4345 987 4394 the
997 4345 1051 4394 first
1062 4346 1168 4410 syllable
1176 4349 1269 4397 erased.

260 4422 271 4454 ²
287 4423 386 4488 cecidit]
405 4426 481 4484 cedit,
492 4425 549 4474 MS.
770 4423 819 4473 We
830 4423 920 4473 should
930 4425 1051 4487 probably
1062 4427 1121 4474 read
1131 4427 1226 4489 perimi.

260 4501 360 4568 3Ριιίῐ]
388 4502 518 4568 Probably
532 4519 547 4554 a
562 4503 669 4554 mistake
686 4503 726 4553 for
803 4500 985 4567 ‘Philo-sophi]
1013 4502 1060 4552 See
1080 4510 1137 4554 note
1154 4505 1180 4553 in
1198 4504 1266 4558 Har.

227 4581 277 4640 Fit,
288 4597 315 4631 as
326 4581 353 4629 iu
365 4582 433 4633 Har.
445 4583 518 4647 Angl.
770 4579 853 4644 Anyl„
864 4581 891 4630 ii.
904 4586 961 4630 220.

260 4662 270 4692 ⁴
287 4661 435 4729 misem]
454 4663 581 4722 imiuebat,
592 4662 648 4713 MS.
803 4661 813 4698 ⁷
830 4661 904 4714 Mna
916 4662 972 4715 xxi.
984 4668 1007 4712 9.

260 4743 269 4773 ⁵
286 4743 401 4809 dimendi]
412 4744 555 4809 Originally
563 4744 662 4794 written
666 4761 723 4810 per-

315 4839 389 4889 VOL.
412 4842 462 4890 ΙΙΙ.
