3278 5610
392 812 440 861 nn
462 813 621 864 munosn
643 813 744 864 suom
768 814 922 877 unumst,
943 815 1010 867 vm.
1034 815 1156 867 nnana
1262 803 1301 865 ll

304 1349 369 1417 Die
406 1373 484 1418 vero
521 1352 742 1440 apostolorum
781 1351 872 1419 Petri
918 1359 953 1419 et
990 1352 1088 1420 Pauli
1125 1350 1306 1433 Walterus,
1336 1373 1368 1418 ιι
1379 1367 1455 1421 June.

258 1452 484 1521 Kerleolensis
517 1455 784 1542 episeopusapud
809 1455 863 1521 Ox
874 1456 993 1523 oniam
1026 1455 1185 1538 seculum,
1216 1456 1306 1544 quod
1319 1457 1442 1536 serigna-

258 1555 373 1624 diuet
395 1557 538 1623 multum
570 1558 761 1639 incoluerat,
785 1581 860 1626 oum
890 1558 960 1625 suis
983 1557 1132 1626 salutans
1155 1526 1465 1658 seeunri-ffioffss‘

256 1659 326 1738 bus,
348 1659 603 1728 Praedicatomm
625 1662 766 1728 fratrum
799 1662 954 1728 habitum
986 1669 1021 1729 et
1045 1662 1205 1729 Ordinem
1234 1684 1306 1728 sus-
1320 1657 1435 1723 ommis,

256 1764 361 1850 oepit3
391 1787 429 1830 eo
451 1766 536 1832 forte
559 1765 649 1852 quod
671 1766 823 1844 timebat,
847 1788 889 1831 ne
921 1764 1118 1852 legitimum,
1142 1770 1305 1852 tanquam
1318 1723 1455 1842 :affine

255 1863 401 1946 aulicus,²
422 1867 605 1954 ingressum
636 1868 674 1932 in
705 1868 932 1955 episcopatum
964 1867 1134 1935 habuerat,
1181 1868 1227 1934 Et
1258 1866 1304 1932 sio
1317 1857 1429 1974 {ffi‘ff

256 1968 340 2034 alter
350 1968 374 2034 J
374 1967 494 2056 oseph³
507 1969 646 2056 pallium
661 1993 758 2037 suum
769 1968 969 2058 Egiptiaeae⁴
982 1971 1119 2058 reliquit
1132 1970 1303 2058 fugitivus.
1317 1990 1451 2046 Praeter.

285 2260 410 2329 Literoe
431 2262 544 2331 mirere
566 2285 590 2330 a
611 2262 762 2332 soldano
784 2260 976 2331 Boouata
999 2263 1144 2338 domiuo
1161 2285 1272 2354 papea.

299 2419 513 2507 Temporibus
529 2443 658 2507 quoque
672 2422 734 2486 sub
757 2420 888 2500 eisdem,
905 2422 1038 2487 domino
1061 2445 1155 2510 papae
1175 2425 1303 2511 petenti
1316 2417 1438 2535 ἔξω

254 2543 367 2608 paoem
389 2522 445 2589 vel
475 2524 594 2591 saltem
627 2529 761 2611 treugas
783 2525 872 2590 inter
895 2525 1102 2592 Christianos
1133 2533 1168 2592 et
1191 2527 1303 2592 Sarra·
1316 2549 1454 2602 Solonas

254 2645 350 2690 oenos
372 2650 393 2692 a
420 2626 565 2692 Soldano
588 2627 781 2708 Babiloniae,
805 2626 910 2695 donee
934 2617 1470 2718 616161166666663616Βᾶιηιοιιιο

254 2724 455 2796 Franoorum
477 2730 594 2796 melior
624 2735 732 2796 status
754 2729 1000 2811 reformaretur,
1024 2732 1191 2819 rescripsit
1213 2734 1301 2799 idem

1315 2682 1357 2736 the
1367 2700 1439 2752 pope.

254 2828 418 2895 Soldanus
451 2833 516 2899 sior
556 2840 575 2866 “
590 2832 778 2899 Praesentiae
812 2856 906 2921 papae
938 2832 1139 2920 subscriptio
1173 2835 1302 2914 nobilis,

254 2930 397 3018 magni,''
420 2937 479 2999 ete.
526 2933 668 3020 Require
691 2935 930 3022 subsequentia
951 2937 989 3000 in
1018 2936 1114 3002 libris
1137 2937 1304 3005 Historio-

255 3032 447 3121 graiorum⁶
491 3036 665 3102 Translata
686 3037 752 3102 fuit
775 3039 914 3124 epistola
936 3038 977 3103 de
992 3037 1135 3106 Arabico
1158 3041 1195 3106 in
1210 3041 1302 3106 Lati-

258 3159 348 3217 num,
369 3138 444 3204 ideo
466 3160 533 3204 non
555 3137 657 3204 habet
678 3138 817 3204 formam
839 3141 909 3206 stili
930 3141 1044 3207 nostri

103 3449 146 3500 τοι,
158 3451 236 3504 mos.
259 3430 415 3517 mata
436 3431 645 3502 stammas
668 3432 803 3520 laqueos
825 3428 1105 3519 eorrepirorrthrm
1127 3430 1170 3498 ιἰι
1192 3452 1304 3498 aerem

641 3558 744 3604 aarum
765 3533 913 3603 evaserit.

298 3693 344 3758 Et
366 3694 446 3759 dum
468 3693 659 3760 mortalium
681 3698 789 3760 status
809 3698 885 3758 rota
907 3692 1087 3758 mundialis
1109 3693 1156 3759 sio
1177 3692 1302 3759 varias·
1316 3690 1436 3745 Thesm-

253 3801 311 3874 set,
334 3796 552 3876 Fretherieus,
574 3818 673 3883 quem
707 3798 940 3884 imperatorem
971 3796 1137 3883 appellare
1162 3762 1447 3881 quisqueffiffl*

253 3898 455 3986 prohibetur,
487 3905 522 3965 et
559 3920 658 3986 quem
695 3899 892 3965 universalis
929 3899 1065 3965 eeclesia
1101 3921 1122 3963 a
1158 3894 1463 3964 culmineconniner

1196 4071 1293 4078 0--

288 4170 297 4201 ¹
315 4170 346 4220 In
363 4169 407 4220 the
422 4168 754 4236 marginisadrawingre-
831 4167 1009 4236 ⁴Epr'ptiacae]
1029 4166 1299 4230 Somon.,buthere

255 4250 401 4316 presenting
411 4256 462 4298 two
479 4263 545 4298 arms
564 4248 691 4299 stretehed
702 4254 754 4309 out,
797 4253 824 4300 st
834 4248 890 4300 first
900 4248 999 4299 written
1010 4246 1134 4314 quptioe,
1145 4263 1174 4299 aa
1184 4247 1212 4299 in
1223 4248 1254 4301 B.
1268 4248 1300 4301 0.

255 4333 305 4381 and
316 4330 424 4395 holding
435 4345 450 4378 a
461 4329 561 4379 crosier.

288 4409 431 4472 2ιαιιιμιιιιιι
452 4406 561 4473 aaran]
587 4408 629 4460 On
648 4423 682 4459 an
702 4423 755 4460 era·
833 4405 1109 4476 'Hr'storioprasorm]
1141 4408 1182 4461 On
1195 4425 1228 4460 an
1245 4424 1299 4461 era·

255 4505 320 4549 aure,
331 4489 381 4538 and
393 4487 528 4553 originally
540 4488 651 4538 omitted.
800 4501 864 4546 sure,
875 4484 960 4536 andin
981 4487 1024 4537 the
1042 4488 1178 4554 marginis
1201 4489 1300 4541 written

286 4571 296 4599 ¹
313 4569 350 4617 ric
361 4565 424 4617 aher
435 4566 541 4634 loseph]
560 4566 654 4619 Added
671 4575 699 4620 to
712 4567 754 4617 the
796 4563 962 4631 plurimorum.
996 4567 1053 4618 The
1064 4568 1169 4621 letteris
1185 4569 1212 4620 in
1224 4571 1255 4622 B.
1269 4571 1298 4622 C.

255 4657 317 4710 text,
341 4650 391 4701 and
408 4649 445 4698 air
466 4649 554 4701 erased
576 4647 604 4698 in
627 4648 671 4700 the
693 4655 756 4699 next
800 4647 853 4712 (ed
865 4646 947 4708 wate,
956 4663 981 4713 p.
994 4652 1062 4714 711).

256 4733 317 4783 line.
