3278 5610
367 787 432 854 306
455 800 620 851 usurum
642 800 853 852 rsammrsrs
871 799 1104 851 msasvuno
1126 796 1398 859 cauomcoaprs

200 976 270 1028 AD.
284 981 356 1026 1249.
368 977 497 1048 eligendi
524 979 651 1043 licentia,
680 978 777 1034 subito
803 984 833 1033 et
857 977 1016 1049 prudenter
1043 978 1207 1048 elegerunt.
1245 973 1308 1028 Rex
1340 970 1424 1026 enim

369 1062 466 1132 ipsum
485 1063 542 1118 sibi
560 1064 701 1119 dilectum
713 1070 744 1119 et
755 1063 912 1135 specialem
924 1062 960 1118 ab
973 1063 1092 1132 antiquo
1104 1061 1279 1122 Walterum,
1296 1057 1425 1112 minime

202 1146 306 1196 Mauors
370 1148 527 1218 reprobum
554 1148 661 1203 habere
686 1153 801 1219 poterat
825 1148 873 1204 vel
901 1147 1113 1218 displicentem.
1160 1145 1321 1215 Assignata
1353 1144 1427 1196 snut

203 1213 317 1278 ΨΜ
370 1230 464 1302 igitur
481 1232 617 1303 episcopo
634 1232 776 1288 Nicbolac
794 1232 906 1288 triade
925 1232 1094 1303 episcopatu
1111 1227 1304 1284 Dunelmensi
1321 1241 1425 1280 mane·
1458 1225 1575 1276 tutele

203 1280 342 1412 iffi?
370 1316 424 1379 riu,
456 1316 494 1371 ad
523 1317 587 1387 ejus
617 1317 817 1372 honorabilem
847 1317 917 1372 vitre
956 1316 1208 1376 sustentationem,
1246 1310 1422 1372 Heredene,

372 1398 510 1455 Scottona
527 1407 558 1456 et
574 1401 736 1457 Esendona.
775 1402 950 1456 Consecrato
968 1406 1066 1455 autem
1084 1406 1115 1455 et
1132 1399 1265 1453 instituto
1283 1395 1425 1467 episeopo

370 1484 501 1540 Waltcro
519 1486 649 1556 plenarie
667 1486 698 1540 in
716 1486 886 1557 episcopatu
904 1484 1107 1548 Dunelmensi,
1128 1482 1255 1538 cessavit
1272 1478 1425 1552 regalium

204 1571 326 1648 Unpopu·
371 1568 515 1625 tirannica
533 1569 700 1625 dominatio.
739 1569 805 1626 Illis
824 1587 940 1642 quoque
958 1569 1139 1641 temporibus
1164 1565 1338 1639 improbitas
1362 1562 1425 1617 leo·

204 1638 440 1708 l²¹¹¹‘50fth‘r'nina
466 1655 630 1710 Fretherici
661 1655 762 1710 multis
793 1673 861 1710 eum
890 1654 1038 1727 privavit¹
1066 1655 1168 1708 amicis
1199 1658 1229 1707 et
1256 1647 1421 1704 benevolis.

93 1735 95 1741 '
204 1718 324 1770 ‘mm’
371 1737 503 1794 Desaevit
519 1739 598 1793 enim
624 1740 656 1794 in
674 1779 682 1794 .
703 1780 711 1793 .
732 1780 739 1794 .
760 1757 813 1794 neo
831 1741 921 1795 etiam
947 1739 1087 1793 fratribus
1106 1735 1354 1792 Pradioatoribus
1373 1729 1424 1786 vel
1437 1735 1592 1788 misma.

204 1819 332 1871 Mareelli-
371 1821 545 1877 Minoribus.
583 1823 666 1878 Inter
684 1842 756 1894 quos
775 1823 913 1894 suspendi
933 1820 1047 1894 [jussit]
1066 1821 1282 1884 Marcellinum,
1302 1815 1424 1872 Arathi-

204 1887 310 1953 ¹²¹¹⁸vbl³·
323 1885 354 1938 ⁰f
372 1925 443 1961 num
461 1907 638 1979 episcopum,
664 1909 760 1964 titulis
787 1910 943 1964 martirum
973 1907 1187 1962 ascribendum.
1223 1904 1263 1959 Et
1289 1904 1361 1974 quia
1386 1899 1425 1956 ed

203 1953 313 2016 merso,

203 2020 280 2088 hung⁸
372 1991 537 2061 patibulum
562 1993 668 2048 fratres
694 1993 825 2048 Minores
850 1993 1012 2057 venientes,
1040 1997 1076 2046 ut
1101 1991 1238 2045 tollerent
1255 2004 1373 2058 corpus,
1394 1989 1425 2039 et

371 2081 510 2146 tanquam
530 2085 663 2133 sanctum
680 2078 712 2132 in
730 2077 857 2133 eeclesia
875 2096 930 2132 sua
948 2081 1119 2132 reverenter
1147 2074 1314 2145 sepelirent,
1336 2070 1425 2142 puni·

372 2160 416 2214 vit
445 2160 572 2216 eosdem.
620 2162 660 2215 Et
684 2161 739 2216 hoc
766 2167 832 2216 ante
862 2160 1068 2215 exterminium
1093 2158 1234 2214 Victoria
1260 2156 1349 2211 tertia
1374 2154 1424 2208 dia

204 2243 318 2320 Rcbbers
333 2253 359 2294 at
373 2244 479 2307 evenit,
499 2263 557 2299 non
575 2246 638 2300 sine
656 2245 797 2301 musculo
815 2247 980 2301 manifesto.
1018 2244 1137 2299 Eisdem
1163 2242 1344 2314 temporibus
1364 2240 1425 2294 vis·

202 2309 497 2397 Wsssshfflltfpiliones
523 2334 553 2384 et
579 2329 706 2384 latrones
733 2330 804 2384 adeo
832 2331 863 2383 in
890 2331 1009 2385 civitate
1036 2328 1194 2384 Wintoniae
1226 2333 1256 2381 et
1281 2326 1313 2378 in
1339 2323 1425 2379 villis

203 2378 333 2438 ”mmm
372 2410 505 2466 finitimis
524 2412 729 2468 abundabant‘
741 2412 977 2479 intolerabiliter,
993 2412 1072 2484 quod
1084 2412 1213 2483 oportuit
1229 2427 1332 2480 regem
1349 2408 1425 2462 illuc

372 2496 481 2560 venire,
509 2502 543 2552 ut
569 2497 724 2552 mundaret
748 2503 809 2552 tarn
834 2498 984 2552 civitatem
1009 2496 1046 2551 de
1071 2514 1215 2552 consensu
1239 2501 1269 2548 et
1293 2496 1427 2564 recepta·

372 2579 460 2644 tione,
482 2597 570 2650 quam
587 2581 667 2653 ipsos
695 2579 846 2653 praedones
866 2580 902 2635 de
920 2580 1143 2636 malefactorum
1168 2577 1325 2634 temeraria
1347 2593 1425 2648 prae·

372 2664 546 2734 sumptione.
584 2664 772 2736 Tandemque
800 2666 876 2720 facta
903 2664 1152 2736 diligentissima³
1175 2663 1308 2719 veritatis
1326 2661 1426 2732 inqui-

371 2748 486 2813 sitione,
500 2749 613 2804 inventi
626 2757 695 2805 sunt
712 2755 742 2805 et
760 2750 886 2805 convicti
904 2750 1106 2805 malefactores
1119 2747 1275 2820 plusquam
1293 2751 1424 2809 centum,

371 2833 402 2886 in
421 2832 632 2904 sempiternum
651 2833 778 2889 civitatis
797 2839 827 2888 et
845 2833 984 2889 villarum
1002 2834 1164 2889 vicinarum
1183 2829 1427 2886 numerosarum⁴

371 2917 560 2988 obprobrium
587 2916 750 2973 indelebile.
800 2918 879 2988 Quos
910 2936 1009 2973 omnes
1037 2918 1143 2972 merite
1166 2917 1257 2988 jussit
1286 2915 1425 2970 dominns

370 3018 421 3055 rex
447 3000 586 3072 patibulis
615 3003 793 3073 praesentari.
832 3002 871 3057 Et
897 3003 964 3056 ideo
982 3002 1199 3067 inexorabilius,
1227 3000 1297 3072 quia
1321 3000 1428 3054 civiter

370 3092 431 3140 tam
458 3086 616 3142 Wintoniae
646 3087 744 3143 locum
773 3085 938 3143 nativitatis
970 3105 1031 3142 sura
1061 3088 1197 3158 nequiter
1226 3085 1424 3140 macularunt.

202 3170 310 3249 Quarrel
321 3178 347 3220 at
370 3168 481 3224 Eodem
500 3177 640 3242 tempore,
654 3171 713 3226 lovi
725 3178 811 3226 nacta
829 3171 988 3234 occasione,
1003 3177 1176 3241 procurante
1195 3167 1315 3224 humani
1334 3186 1425 3241 gene·

204 3237 354 3303 Cfflbfldsse
370 3253 412 3308 ris
431 3253 560 3320 inimice,
582 3272 663 3310 sacro
682 3262 813 3327 tempora
832 3253 1097 3326 Quadragesimali,
1118 3261 1182 3309 orta
1207 3260 1252 3309 est
1276 3251 1427 3307 discordia

202 3305 314 3420 3ξῇῗὲ
371 3337 449 3408 apud
469 3338 697 3410 Cantabrugiam
723 3341 801 3394 inter
827 3338 991 3410 burgenses
1020 3345 1050 3393 ct
1075 3339 1212 3403 scolares,
1240 3335 1317 3407 quod
1345 3354 1425 3406 saepe

203 3453 286 3500 gem,
297 3440 347 3487 ,nd
371 3423 524 3492 contingit,
544 3423 728 3478 machinante
748 3423 872 3487 diabolo,
892 3424 924 3477 in
942 3423 1181 3493 Quadragesima.
1219 3421 1340 3491 Exque
1359 3426 1427 3491 post

203 3503 322 3554 scholare·
373 3547 378 3559 .
402 3546 409 3560 .
431 3548 437 3559 .
459 3505 609 3561 domorum
630 3507 813 3563 effractiones
834 3549 840 3561 .
863 3549 869 3561 .
894 3549 900 3562 .
922 3514 1038 3573 secuta3
1058 3507 1136 3561 unde
1155 3507 1325 3578 postmulta
1343 3512 1425 3559 utro·
1439 3521 1593 3573 stjqffiqp,

371 3589 460 3660 bique
480 3591 616 3645 scandala
634 3605 664 3646 ct
682 3593 816 3663 dampna,
830 3609 901 3662 rege
920 3597 1094 3662 procurante
1114 3597 1143 3645 ct
1162 3597 1259 3646 sontes
1271 3591 1423 3661 puniente,

204 3680 358 3745 Atternptto
372 3678 450 3728 totus
481 3676 627 3729 tumultus
655 3678 783 3731 cessavit
809 3676 988 3746 pacificatus.
1027 3675 1108 3729 Tunc
1137 3694 1253 3746 quoque
1283 3675 1424 3745 temporis

204 3749 343 3809 P⁰i⁸⁰sslh⁸
372 3775 439 3811 cum
465 3751 835 3815 Frethericnsinfirmatus
863 3761 1038 3829 purgatione
1066 3759 1233 3813 medicinali
1264 3765 1294 3813 ct
1318 3759 1424 3813 balneo

204 3829 323 3878 ‘'mm“
371 3842 559 3912 indiguisset,
589 3845 813 3913 procurantibus
840 3842 930 3898 Petro
965 3843 1001 3896 de
1029 3843 1142 3908 Vincis,
1176 3843 1342 3898 consiliario
1370 3861 1424 3898 suo

373 3927 594 3997 specialissimo,
627 3933 657 3982 et
686 3928 819 3998 ejusdem
855 3925 1048 3997 F[retherici]
1086 3928 1209 3999 phisica,
1248 3928 1278 3981 in
1315 3927 1423 3999 quibus

372 4010 498 4064 maxime
525 4009 686 4066 confidebat
716 4013 813 4066 anima
839 4011 912 4082 ejus,
945 4012 1103 4066 intoxicata
1133 4011 1190 4065 fuit
1218 4011 1365 4065 medicina
1394 4018 1425 4065 ct

371 4094 518 4149 balneum.
559 4095 653 4165 Super
671 4113 728 4166 quo
741 4095 934 4165 praemunitus
948 4091 1175 4165 F[rethericus],
1190 4095 1261 4150 fecit
1272 4095 1344 4150 dnos
1357 4112 1424 4150 reos

372 4179 475 4233 mortis
503 4186 534 4234 et
559 4181 646 4233 morti
674 4178 804 4235 addictos
830 4182 977 4250 potionem
1003 4179 1122 4233 haurire
1151 4184 1180 4233 ct
1209 4179 1312 4233 balneo
1343 4178 1423 4233 ablui

373 4270 551 4328 memorato,
584 4265 635 4335 qui
672 4265 741 4319 ilico
781 4265 959 4335 expirarunt.
1008 4263 1092 4317 Fecit
1122 4264 1215 4333 igitur
1241 4263 1424 4333 judicialiter

374 4348 437 4400 erui
457 4349 556 4402 oculos
575 4349 785 4404 convictorum.
823 4349 863 4403 Et
881 4355 951 4402 tunc
969 4347 1200 4416 F[rethericus]‚
1222 4366 1283 4418 prae
1303 4347 1425 4419 spiritus

410 4579 416 4610 ¹
431 4583 556 4648 miravit]
576 4584 719 4647 privirsvit,
731 4585 788 4635 MS.
956 4585 1173 4651 *nerrrmcsaruffl
1229 4602 1426 4648 nemorosam,

408 4658 419 4689 ²
436 4660 606 4727 abundabant]
620 4664 809 4721 habundabant,
818 4662 874 4713 MS.
923 4664 978 4714 MS.

408 4739 621 4806 ³d1'li9ensssima]
629 4742 875 4807 diligentissim‚MS.
898 4748 901 4790 l
