3278 5610
374 828 421 878 ns
443 826 601 879 rnorem
624 825 725 878 nnsis
748 825 904 893 emmor,
927 827 994 879 vm.
1017 822 1142 878 morri.
1233 811 1277 883 67

420 1098 515 1172 Obiit
535 1103 697 1189 menoides
718 1096 840 1170 stass
861 1101 1096 1168 Normorrous
1289 1117 1359 1170 Am.
1372 1121 1444 1188 rsus.

273 1255 373 1320 Anno
397 1275 527 1341 quoque
549 1251 611 1318 sub
634 1252 748 1318 eodem
779 1251 863 1317 obiit
885 1251 1042 1339 magister
1064 1248 1179 1315 Simon
1193 1237 1430 1317 Nor-Demos
1563 1254 1565 1259 ’

228 1378 378 1433 mannus,
402 1355 585 1442 praecipuus
607 1353 773 1440 quondam
805 1353 931 1419 domini
952 1353 1038 1440 regis
1064 1351 1276 1430 consiliarius,
1290 1330 1414 1461 {fflfflff

229 1464 264 1523 et
287 1458 388 1546 sigilli
410 1457 493 1544 regii
514 1456 654 1542 bajulus,
676 1455 764 1521 vices
786 1477 886 1542 egens
908 1455 1101 1521 cancellarii.
1148 1454 1191 1519 In
1213 1474 1279 1539 quo

229 1582 323 1626 suum
346 1560 480 1625 fortune
501 1562 637 1646 experte
658 1561 709 1623 est
730 1554 998 1638 volubilitatem
1021 1556 1099 1623 fecit
1125 1555 1215 1621 enim
1238 1555 1279 1620 de
1427 1634 1432 1640 ⁹

230 1684 277 1740 eo,
300 1683 397 1748 quem
419 1661 652 1738 sullimsvorao,
676 1660 807 1726 exulem
829 1665 864 1725 et
894 1678 1042 1747 egenum.
1088 1658 1384 1743 eodemqueanno

230 1770 377 1852 tempore
411 1763 495 1829 obiit
525 1762 681 1850 magister
703 1761 889 1827 Willelmus
923 1761 964 1826 de
990 1760 1156 1827 Dunelrnc
1188 1760 1278 1846 apud
1290 1730 1450 1848 fflffiff

232 1867 484 1956 Rothomagum,
515 1865 644 1932 rediens
673 1887 695 1929 s
717 1864 867 1931 Romane
899 1865 999 1944 curis,
1022 1862 1277 1932 eminentissime
1350 1943 1353 1949 Ι

230 1969 388 2048 literatus,
403 1969 569 2056 quondum
583 1968 706 2034 electus
722 1963 1017 2054 Rothomegensis¹
1048 1967 1122 2048 Quo
1136 1970 1275 2043 mortuo,

230 2073 305 2138 ilico
326 2061 514 2159 procuravit
542 2092 603 2136 rex
624 2069 791 2136 ecelesiam
813 2069 884 2154 ejus
910 2070 951 2136 de
974 2068 1129 2138 Wcrmue
1151 2068 1277 2136 uberri-

229 2197 317 2240 mam
339 2173 479 2242 conferri
501 2174 598 2240 fratri
619 2196 678 2240 suo
701 2172 903 2239 Athelmero.

332 2420 425 2491 Obiit
446 2420 610 2509 Roymus,
625 2420 731 2509 filius
751 2419 929 2489 rotensis
950 2419 991 2488 de
1012 2418 1179 2487 Buc‘lloil.8

63 2573 188 2625 Denthof
273 2562 463 2651 Eodemque
484 2568 632 2652 tempore
654 2561 739 2629 obiit
762 2559 908 2651 Rogerus
931 2557 971 2628 de
986 2561 1126 2642 Beilloil,
1142 2558 1276 2627 nobilis-

61 2640 190 2758 fflffiff
228 2666 331 2732 simus
362 2667 404 2733 de
426 2669 579 2754 partibus
609 2666 796 2733 borealibus
817 2666 949 2755 Angliae
984 2665 1078 2731 miles
1109 2670 1143 2730 et
1174 2662 1278 2745 bar0,³

229 2775 329 2834 aetate
362 2768 555 2847 adolescens,
578 2770 614 2834 in
641 2793 676 2835 re
710 2776 863 2835 strenuus
898 2769 1044 2849 militari,
1068 2767 1277 2834 conculcatus
1368 2835 1369 2838 ,

229 2871 266 2935 in
298 2869 440 2956 quodem
477 2875 705 2936 torneamento
738 2872 774 2935 in
811 2867 962 2958 pertibus
998 2870 1155 2951 Frsncise,
1189 2871 1277 2958 spud

60 2987 185 3037 ‘roseus-
231 2973 436 3058 Argencism.
482 2971 585 3057 Cujus
622 2978 719 3039 terrse
752 2974 935 3039 custodiam
965 2995 1026 3039 rex
1056 2975 1278 3040 incontinenti

60 3053 372 3185 ffifflcontulit
395 3072 560 3140 Willelmo
592 3075 633 3140 de
655 3074 817 3153 Veientis,
847 3075 944 3140 fratri
974 3097 1043 3152 suo,
1066 3097 1140 3141 cum
1173 3077 1278 3142 nobili

61 3186 215 3237 townriam
230 3184 336 3242 cestro
360 3177 400 3241 ds
424 3176 657 3255 Wercwurthe,
680 3181 715 3241 et
744 3176 858 3242 multis
881 3177 956 3242 eliis
977 3178 1074 3242 terris
1096 3200 1134 3244 ac
1156 3200 1278 3265 posses-

60 3253 218 3306 d²v⁸¹²¹¹⁰⁹'
229 3279 375 3346 sionibus
396 3279 439 3344 ad
461 3279 656 3367 praedictum
679 3279 823 3345 nobilem
840 3279 1005 3367 Rogerum
1027 3280 1277 3368 pertinentibus.
1397 3302 1508 3358 Bailloil·

1333 3229 1434 3289 secus
1445 3236 1577 3302 Royeride

576 3543 733 3612 Aureolis
755 3542 934 3612 cortclusc'o.

275 3679 392 3746 Fluxit
413 3681 519 3768 igitur
539 3703 645 3747 annus
668 3683 724 3748 ille
743 3683 854 3750 minus
875 3683 1032 3763 fructifer,
1048 3683 1125 3751 licet
1147 3684 1279 3752 arbores
1290 3702 1396 3754 Annus

231 3783 365 3848 floribus
398 3784 682 3871 praeoperirentur,
715 3786 852 3873 frugifer
877 3792 990 3852 tamen
1022 3785 1426 3870 abundanterfffflmffl·

231 3886 267 3948 in
300 3891 482 3972 autumpno
509 3887 644 3952 tamen⁶
667 3888 788 3954 imbres
830 3889 1029 3955 inundantes
1064 3898 1189 3978 segetes
1211 3890 1278 3956 suf-

230 3985 382 4053 focarunt
403 3993 439 4052 et
468 3989 691 4075 demigrarunt.
735 3992 855 4058 Annus
878 4013 1008 4079 quoque
1030 3992 1095 4059 iste
1118 3993 1278 4060 Romanae

231 4089 330 4154 curiae
366 4090 526 4168 inimicus,
562 4091 713 4157 Ecclesiae
745 4093 977 4175 turbulentus3
1016 4095 1124 4160 Tenes
1148 4095 1278 4162 Senctae

230 4197 407 4279 suspectus
438 4193 593 4274 Franciae,
616 4194 756 4281 Angliae,
780 4195 903 4262 Ytsliae
935 4202 970 4261 et
1002 4197 1187 4264 Germanice
1216 4198 1278 4263 im·

265 4426 272 4458 ¹
285 4426 404 4491 quondam
415 4424 504 4476 electus
515 4426 728 4492 Rotdomuqensis]
809 4429 819 4459 ³
837 4437 861 4478 et
872 4428 945 4494 burc]
965 4429 1058 4480 Added
1070 4429 1097 4479 in
1108 4446 1188 4498 marg.

232 4506 325 4636 Ἦ
336 4521 495 4636 lisinii&
521 4584 667 4651 marginis
692 4585 732 4634 hs
809 4545 1002 4613 ⁴⁰⁶⁸me
1021 4548 1270 4615 fflww’us'

232 4665 314 4716 eldeld
325 4667 355 4715 of
367 4678 436 4716 arms
447 4667 574 4726 reversed,
586 4667 641 4727 m't,
652 4665 731 4730 gules,
809 4661 820 4693 ⁸
837 4658 930 4729 umen]
947 4660 1040 4716 Added
1050 4663 1078 4714 in
1088 4678 1169 4732 πως.

233 4759 265 4794 an
277 4745 455 4796 inescntcheon
467 4745 558 4796 voided
569 4750 667 4810 argent.

1080 4829 1144 4891 Η
