3278 5610
383 742 449 807 ³14
471 753 637 806 mmmm
659 752 874 806 scarnensis
893 754 1125 807 manamine
1146 757 1421 813 osaomeeama

215 937 283 990 AD.
297 944 368 991 1250.
381 930 449 985 inde
472 946 664 1002 expensarum
691 929 847 985 effusiones
874 935 904 984 et
926 930 1061 985 laborum
1088 931 1221 988 diversas
1251 936 1439 1001 vexationes,
1468 950 1573 1011 form

381 1015 606 1070 determinatum
624 1020 678 1078 est,
691 1020 726 1069 ut
744 1032 827 1069 suam
845 1014 1092 1087 archiepiscopus,
1107 1018 1270 1073 seeundum
1284 1018 1338 1090 jur
1357 1038 1439 1077 oom-

380 1116 475 1162 mune‚
494 1098 697 1154 rationabilius
716 1105 746 1154 et
769 1098 951 1154 tolerabilius
970 1107 1118 1156 exerceret
1132 1101 1384 1171 jurisdictionem,
1405 1113 1439 1162 et

380 1184 422 1239 sio
439 1182 654 1238 visitationem¹
673 1188 899 1254 prosequeretur
918 1184 972 1238 sub
987 1184 1110 1239 diffinita
1128 1186 1355 1244 modificatione.
1394 1190 1437 1247 Et

380 1268 421 1322 sic
440 1268 566 1322 cessavit
582 1273 662 1321 mota
678 1273 847 1338 tempestas.
885 1266 997 1322 Diebus
1016 1268 1071 1322 snb
1096 1269 1207 1323 eisdem
1227 1311 1234 1325 .
1256 1312 1262 1325 .
1285 1312 1293 1327 .
1314 1312 1322 1326 .
1341 1270 1578 1331 terriaIbidiiite.

378 1351 467 1406 totins
486 1350 715 1406 Christianitatis
736 1390 744 1406 .
765 1391 772 1404 .
794 1391 800 1405 .
830 1351 948 1405 demum
977 1369 1079 1406 eorum
1105 1352 1140 1406 de
1159 1354 1343 1420 Holsburne,
1364 1375 1434 1428 quar

378 1441 424 1488 est
447 1434 607 1498 Londiniis,
633 1440 666 1489 ut
683 1434 793 1489 ibidem
812 1434 849 1489 de
868 1475 875 1488 .
897 1476 904 1488 .
926 1477 933 1490 .
954 1435 1120 1507 diligenter,
1146 1437 1280 1493 invocata
1299 1439 1433 1511 Spiritus

380 1518 479 1573 Sancti
492 1518 597 1591 gratia
617 1523 837 1582 contrectarent,
852 1524 883 1574 et
903 1519 929 1574 si
951 1519 1144 1591 corrigenda²
1160 1529 1323 1591 cernerent,
1337 1527 1432 1581 refer-

378 1607 499 1658 marent.
543 1604 581 1658 Et
605 1604 675 1674 quia
699 1644 706 1658 .
734 1643 740 1657 .
768 1603 909 1674 .praslati
933 1603 970 1657 de
1000 1605 1132 1674 partibus
1158 1606 1263 1661 vicinis
1289 1624 1324 1662 ex
1349 1627 1433 1666 mera

211 1705 355 1755 Provisam,
377 1686 571 1743 liberalitate³
590 1728 597 1741 .
619 1728 625 1741 .
648 1727 655 1742 .
675 1687 856 1742 invenerunt.
896 1687 959 1742 Rex
987 1694 1084 1743 autern
1110 1690 1205 1759 prima
1230 1691 1278 1745 die
1304 1692 1430 1764 capitali

210 1771 323 1835 supplied
334 1777 359 1818 to
378 1773 502 1827 accessit
524 1773 595 1828 illue
623 1772 825 1844 personaliter,
851 1773 1015 1827 orationum
1042 1773 1183 1845 suffragia
1211 1776 1362 1846 petiturus
1392 1779 1430 1834 ab

210 1838 498 1922 theeh“Pt‘i‘eisdem,
517 1859 749 1928 precuranaque⁴
771 1874 831 1920 ecs,
856 1857 939 1927 pavit
964 1863 999 1911 ut
1025 1856 1124 1912 decuit
1147 1859 1333 1929 regulariter.
1375 1861 1429 1918 Se·

209 1905 288 1985 “sih“
378 1942 479 2012 quenti
498 1940 555 2005 die,
574 1941 686 2012 regina,
701 1940 804 1996 deinde
823 1942 975 2013 episcopus
989 1941 1206 2007 Londoniensis,
1220 1946 1430 2015 posteadomi·

209 2039 352 2092 lamberg,
377 2045 432 2081 nus
446 2026 593 2081 Johannes
607 2025 746 2097 [Mansel]
758 2025 783 2090 ;5
802 2032 1013 2097 consequenter
1031 2027 1091 2089 alii,
1108 2033 1208 2099 utpote
1227 2029 1318 2084 abbas
1329 2031 1430 2087 West·

376 2111 554 2174 monasterii,
576 2110 664 2165 abbas
687 2110 787 2164 Sancti
805 2109 921 2173 Albani,
948 2110 1036 2165 abbas
1055 2110 1091 2164 de
1109 2112 1266 2176 Waltham,
1287 2120 1319 2170 et
1344 2117 1429 2171 cives

376 2194 601 2258 Londouienses,
634 2200 722 2265 prout
757 2194 815 2264 ipsi
843 2193 1005 2249 literatorie
1036 2196 1280 2266 supplicaverant.
1333 2199 1431 2256 Erant

375 2285 471 2334 antem
500 2279 605 2333 fratm
631 2277 838 2348 quadringenti
865 2284 895 2332 et
920 2278 1055 2348 amplius.
1098 2280 1267 2351 Eodemque
1291 2287 1429 2355 tempore

375 2363 564 2417 commissum
582 2366 627 2416 est
645 2361 777 2431 sigillum
795 2362 912 2432 regium
930 2363 1073 2432 magistre
1090 2363 1239 2419 Willelme
1258 2405 1266 2419 .
1286 2407 1292 2420 .
1317 2363 1579 2438 qums-Mittas.

206 2476 363 2538 mgnum,
375 2446 480 2518 perite.
518 2444 694 2515 Eisdemque
713 2446 892 2515 temporibus
911 2446 1030 2515 quidam
1047 2447 1142 2511 miles,
1163 2449 1308 2518 quondam
1327 2453 1429 2509 socius

208 2540 357 2602 exactedby
378 2529 512 2600 [Roberti
531 2527 567 2582 de
585 2527 781 2598 Passelewe]⁶
799 2535 830 2583 et
853 2528 984 2599 ejusdem
1011 2531 1042 2584 in
1060 2532 1153 2586 officio
1171 2534 1312 2587 custodias
1332 2536 1428 2592 fores·

208 2606 472 2671 Geeffreydemrum
502 2630 662 2677 successor,
696 2612 845 2667 Galsridus
875 2615 991 2668 nomine
1024 2614 1060 2669 de
1091 2616 1257 2686 Langeleia,
1288 2618 1428 2677 boreales

205 2674 334 2792 perfude}
375 2704 473 2772 partes
491 2715 661 2768 peragrans,
681 2701 711 2751 et
736 2696 772 2750 de
796 2697 971 2751 forestarum
990 2715 1024 2753 ac
1048 2701 1234 2754 venationum
1258 2708 1429 2774 hanegres.

206 2755 309 2861 ἔξαγε
376 2784 506 2839 sionibus
522 2786 719 2852 perscrutans,
740 2798 928 2852 quoscunque
947 2787 1061 2852 peterat
1079 2784 1194 2838 irretire
1209 2791 1269 2839 tam
1288 2790 1427 2857 graviter

373 2866 535 2937 mulctarit,
564 2864 717 2936 pecuniam
747 2866 952 2936 extorquendo,
979 2872 1014 2921 ut
1044 2870 1190 2939 quantitas
1220 2870 1354 2927 thesauri
1385 2874 1426 2930 ad

374 2970 446 3022 opus
464 2951 545 3021 regis
563 2948 677 3004 collecti
697 2948 728 3003 in
746 2949 912 3003 auditorum
930 2949 1067 3005 cordibus
1086 2958 1234 3024 stuperem
1252 2964 1423 3024 generaret.

242 3039 335 3105 lAug.
374 3036 430 3090 Die
455 3053 526 3089 vero
556 3033 635 3087 beati
666 3032 804 3087 Kenelmi
834 3042 1031 3104 pervenerunt
1056 3055 1188 3091 rumores
1219 3037 1255 3092 de
1285 3043 1426 3111 captione

204 3108 329 3187 Nem*
373 3120 453 3191 regis
479 3119 666 3180 Francorum,
694 3123 724 3172 ct
752 3117 842 3172 tetius
877 3119 1021 3173 exercitus
1049 3120 1207 3175 Christiani
1238 3124 1423 3193 confusione,

205 3192 270 3226 Μ
281 3175 361 3291 οωὲθ
374 3205 480 3277 quibus
497 3202 664 3258 rumoribus
682 3219 841 3273 nunquam,
861 3204 1008 3273 praecipue
1026 3204 1057 3257 in
1075 3205 1207 3269 Francia,
1228 3207 1322 3262 auditi
1351 3219 1425 3266 sunt

204 3250 363 3374 ξζξῗῖξεοοῑ
372 3290 537 3351 flebiliores,
558 3287 595 3342 ad
612 3286 745 3341 notitiam
764 3285 991 3341 catholicorum.
1029 3289 1113 3344 Unde
1131 3295 1193 3345 teta
1211 3290 1423 3351 Christianitas

204 3376 337 3426 huncein
372 3390 497 3428 moerore
521 3371 671 3426 contabuit
697 3376 727 3424 et
751 3369 859 3426 dolore.
909 3372 1020 3426 Eodem
1046 3392 1128 3435 anno,
1157 3393 1255 3430 mense
1282 3376 1422 3435 Octobris

203 3442 336 3493 Pdeme*
372 3499 495 3512 .....
515 3455 694 3527 praevidisse,
709 3454 835 3525 dampna
852 3455 983 3511 finitimis
1003 3459 1128 3512 maxima
1146 3459 1294 3528 irrogarit.
1331 3463 1422 3520 Anno
1433 3472 1584 3528 Ibidii'rss,

203 3552 293 3605 mh.
371 3559 486 3614 queque
512 3541 564 3595 sub
590 3539 691 3593 eodem
712 3579 719 3592 .
741 3579 747 3593 .
771 3581 777 3593 .
802 3544 985 3595 temaemotus
1011 3542 1041 3595 in
1059 3542 1177 3614 Anglia.
1223 3544 1262 3598 Et
1287 3548 1365 3616 quod
1389 3549 1421 3604 in
1434 3558 1585 3611 lbiufitst.

203 3621 284 3684 qu⁸ke
296 3621 322 3672 in
371 3626 476 3682 Oiltria
488 3625 593 3686 evenit,
613 3623 739 3676 maxime
757 3629 871 3678 constat
888 3623 1099 3689 admirandam,
1120 3645 1173 3683 neo
1191 3629 1301 3684 esthoo
1318 3631 1421 3687 visum

200 3687 324 3803 ἕξω·
370 3729 388 3766 a
404 3714 533 3779 ternpore
550 3707 634 3777 cnjus
655 3724 712 3761 non
731 3711 809 3761 extat
826 3710 974 3763 memoria.
1026 3711 1096 3781 Ipsa
1113 3714 1191 3766 enim
1209 3715 1304 3783 patria
1322 3718 1421 3773 solida

270 3793 275 3805 '
369 3799 423 3858 ost,
444 3799 474 3848 et
500 3798 614 3846 cretosa
630 3808 663 3844 sc
685 3797 810 3861 petrosa,
831 3798 861 3846 ot
887 3794 1007 3847 minime
1027 3813 1191 3850 cavernosa.
1240 3798 1349 3855 Factus
1375 3803 1418 3857 in·
1431 3801 1586 3859 Ibicttas.

368 3895 456 3948 super
477 3876 627 3946 cumipse
647 3915 653 3928 .
733 3875 950 3930 subterraneus.
989 3877 1060 3944 Qua)
1079 3878 1248 3935 dicebantur
1266 3884 1314 3936 vel
1336 3885 1418 3941 futu-

367 3979 429 4015 rem
453 4003 459 4013 .
483 4002 488 4013 .
512 4001 517 4012 .
541 4001 546 4011 .
573 3962 697 4012 mortem
716 3959 818 4012 famosi
837 3960 977 4030 principis
996 3963 1183 4034 praesignare.
1222 3964 1302 4019 Obiit
1320 3968 1416 4038 igitur

400 4125 407 4155 ¹
426 4119 621 4172 tolerabilius..
640 4158 669 4169 ..
690 4122 861 4187 visitationm]
945 4122 1087 4189 errasset]
1114 4127 1232 4190 Supplled
1255 4129 1319 4176 ilem
1342 4129 1413 4182 Her.

366 4205 463 4254 'lhaced
479 4203 514 4266 by
526 4202 569 4251 the
588 4215 654 4250 same
672 4207 864 4266 contemporary
912 4201 986 4266 Arpi.
997 4206 1046 4253 aud
1059 4203 1145 4254 Flcrrs·
1157 4206 1222 4255 Hist.

366 4300 413 4348 peu
432 4297 492 4332 over
503 4298 519 4331 a
533 4280 674 4332 correction
692 4281 763 4329 made
781 4297 814 4329 ou
830 4297 863 4331 au
945 4281 955 4309 ‘³
973 4281 1073 4332 Rohertr'
1091 4285 1120 4334 dc
1132 4284 1278 4351 Paterisne]
1297 4287 1413 4340 Omitted

367 4378 465 4413 erasure
476 4363 507 4412 os
514 4363 556 4411 the
567 4361 674 4424 original
685 4367 740 4409 text
750 4381 757 4418 ;
775 4363 825 4409 and
836 4376 864 4410 sc
912 4362 937 4409 in
949 4362 991 4410 the
1004 4363 1059 4413 MS.
1072 4366 1120 4414 and
1132 4365 1219 4415 Fleres
1227 4366 1356 4427 Hist.,but
1367 4370 1413 4421 the

367 4442 455 4506 copied
466 4442 491 4490 iu
503 4440 588 4490 Heres
599 4440 665 4490 Hirr.
912 4457 984 4492 name
995 4444 1074 4507 ought
1084 4446 1206 4510 ceminly
1217 4455 1243 4496 te
1254 4448 1285 4496 be
1295 4449 1412 4512 supplied

399 4520 579 4585 horrenda]
599 4519 768 4582 corrrigenda,
779 4519 835 4569 MS.
913 4522 979 4583 bere,
998 4538 1025 4572 as
1042 4540 1144 4588 appears
1163 4527 1228 4576 from
1245 4527 1288 4576 the
1304 4529 1413 4580 Greater

400 4599 411 4631 ³
428 4597 584 4663 liberalitate]
604 4598 734 4658 liberalite,
746 4598 802 4649 MS.
913 4600 1054 4662 Chronicle,
1065 4606 1102 4653 ed.
1116 4605 1196 4664 Wnta,
1207 4622 1231 4670 p.
1245 4609 1299 4657 786.

401 4680 411 4710 ⁴
420 4679 615 4743 proceremque]
624 4679 864 4742 procerasque,MS.
886 4706 888 4713 ‚
