3278 5610
506 813 551 864 nn
574 812 732 866 runcone
754 816 856 868 naeu
877 814 1057 870 consume.
1238 805 1304 877 227

260 989 349 1044 ctiam
376 991 600 1048 increbruerunt
619 1035 625 1046 .
647 1033 655 1047 .
677 1034 683 1047 .
704 993 756 1062 qui
783 993 904 1049 merito¹
923 995 999 1049 inter
1024 994 1159 1050 martires
1186 1010 1303 1066 compu·
1316 1005 1385 1057 ni),
1399 1010 1471 1059 121³.

259 1073 365 1130 teudus
391 1080 446 1141 est,
474 1077 545 1148 quia
572 1117 636 1132 ...
664 1077 908 1148 persecutionem.
946 1077 1048 1134 Mense
1072 1096 1142 1133 vero
1169 1078 1304 1134 Jauuaril

261 1196 406 1214 .......
420 1160 653 1231 promulgsnmt.
689 1158 771 1215 'lunc
783 1178 833 1215 rex
846 1161 1046 1216 Francorum.
1068 1204 1074 1216 .
1097 1205 1103 1216 .
1126 1205 1132 1216 ,
1145 1162 1238 1233 jussit
1249 1164 1303 1219 sub

259 1242 374 1296 nominc
395 1285 401 1297 .
424 1285 430 1297 .
453 1285 460 1298 .
479 1250 672 1309 mererentur,
693 1245 806 1299 scilicet
830 1246 1071 1302 exheredationis.
1110 1247 1193 1302 Fecit
1217 1248 1305 1302 etiam
1317 1257 1438 1323 prepara.

259 1342 359 1382 omnes
379 1369 386 1382 .
408 1369 415 1382 .
437 1370 443 1383 .
464 1333 586 1400 poterat,
606 1329 696 1384 etiam
723 1328 759 1384 de
787 1328 882 1384 Janua
907 1333 937 1386 et
961 1330 1041 1397 Pisa,
1059 1330 1214 1387 bellicosas
1240 1350 1305 1387 con·
1317 1325 1422 1376 ¹1011⁸l¹1

258 1408 401 1467 ducticias
432 1428 521 1485 super
549 1426 629 1469 mere
659 1430 763 1469 versus
792 1413 933 1485 Angliam
962 1431 1152 1487 congregare,
1179 1421 1210 1470 et
1238 1432 1304 1472 con·
1317 1390 1451 1508 &5⁰²⁰

259 1502 396 1566 gregatos
420 1498 566 1553 frumento
593 1538 599 1552 .
622 1539 628 1552 .
651 1538 657 1553 .
684 1498 873 1553 communire.
920 1498 983 1553 Rex
1010 1506 1108 1554 autem
1126 1499 1146 1554 J
1149 1499 1302 1569 [ohannes]
1316 1472 1442 1589 ffighzg

260 1595 276 1631 e
300 1581 420 1651 regione
446 1597 511 1638 sese
537 1588 670 1653 potenter
699 1586 730 1635 et
754 1580 913 1652 prudenter
944 1582 1057 1637 studuit
1081 1583 1303 1638 communiendo

260 1680 433 1734 preparare,
452 1681 614 1736 proponens
633 1680 701 1721 oum
718 1663 851 1720 hostibus
869 1665 971 1720 navale
990 1706 1113 1721 .....
1133 1665 1301 1733 adventurn,

144 1765 151 1776 ·
259 1756 403 1804 venerunt
419 1749 477 1804 duo
489 1750 594 1805 fratres
615 1791 621 1804 .
644 1790 650 1803 .
672 1790 679 1805 .
700 1754 730 1803 et
742 1750 891 1804 venientes
903 1749 1041 1804 dixerunt
1057 1749 1086 1805 ei
1099 1749 1301 1817 amicabiliter,

262 1831 439 1888 “Mittimur
449 1874 591 1889 .......
606 1814 864 1904 cendempnatus.”
892 1833 976 1902 Quod
994 1851 1061 1888 cum
1080 1835 1145 1906 regi
1156 1875 1301 1890 .......

260 1923 290 1971 et
306 1917 400 1983 laicis,
414 1924 455 1983 ut,
470 1919 534 1989 ipso
552 1918 625 1972 duce
640 1957 819 1972 .......
834 1918 963 1988 parendi,
978 1924 1016 1983 et,
1031 1918 1102 1974 lieet
1119 1935 1194 1984 sero,
1208 1920 1303 1973 hurni-

259 1998 334 2066 liari‚
354 2003 464 2073 poteris
490 2003 585 2058 adhuc
613 2002 735 2057 forsitan
761 2016 797 2055 ex
822 2003 1003 2056 clementia.
1026 2043 1032 2056 .
1054 2043 1061 2056 .
1082 2003 1165 2058 fuisti
1191 2003 1304 2074 abjudi-

258 2085 371 2140 catus.'’
415 2085 484 2140 Hiis
510 2085 603 2156 igitur
635 2084 804 2150 intellectis,
836 2103 887 2139 rex
924 2086 942 2140 J
946 2084 1111 2154 [ohannes]‚
1143 2085 1196 2142 sed
1226 2103 1302 2153 sero,

257 2169 430 2225 humiliatus
448 2175 503 2233 est,
523 2168 594 2224 licet
611 2168 722 2224 invitus
741 2174 772 2223 et
790 2176 887 2224 mente
905 2171 1011 2225 merito
1029 2170 1216 2242 perturbatus
1236 2211 1243 2224 .
1265 2211 1272 2224 .
1294 2211 1300 2224 .

258 2252 432 2308 imminere.¹
462 2252 623 2309 Demersus
641 2254 735 2324 igitur
747 2253 779 2306 in
796 2253 927 2308 abissum
945 2255 1165 2325 desperationis,
1185 2271 1304 2326 persana

258 2335 387 2392 sionibus
408 2379 414 2392 .
436 2379 443 2392 .
466 2379 472 2392 .
492 2335 663 2409 probrosam
682 2343 713 2392 et
728 2337 784 2392 teti
801 2336 918 2408 Angllae
934 2337 1124 2410 dampnosam
1142 2339 1302 2410 adquievit.

258 2419 350 2491 Cujus
369 2437 484 2477 summa
503 2464 510 2477 .
532 2463 539 2476 .
561 2463 568 2477 .
590 2463 597 2478 .
618 2422 787 2477 eafisfsciet.
834 2419 918 2490 Quod
945 2436 1012 2476 cum
1039 2440 1090 2477 rex
1117 2463 1122 2477 .
1145 2463 1151 2476 .
1174 2460 1181 2478 .
1206 2423 1304 2478 intimi

257 2511 408 2560 cruentam
427 2506 652 2561 amaritudinem
679 2511 710 2561 et
733 2505 923 2562 lacrimarum
949 2505 1120 2560 effusionem
1142 2523 1305 2562 commore-

258 2591 352 2645 betur.
390 2589 455 2646 Hoc
468 2595 567 2646 autem
579 2590 737 2645 infeliciter
748 2591 859 2647 factum
872 2591 928 2644 fuit
941 2630 948 2643 .
965 2633 971 2643 .
988 2632 994 2645 .
1011 2631 1017 2644 .
1033 2589 1053 2644 J
1057 2587 1204 2661 [ohannis]
1217 2590 1303 2645 xiiii0.

258 2673 391 2729 Instabat
409 2678 506 2729 sutem
533 2674 597 2729 dies
615 2673 813 2730 Ascensionis.
851 2675 891 2729 Et
907 2673 1011 2728 videns
1036 2690 1089 2728 rex
1114 2674 1192 2745 quod
1210 2674 1304 2730 adhuc
1337 2668 1448 2735 lssMflf·

258 2759 381 2823 viveret,
398 2758 490 2828 jussit
507 2757 629 2812 Petrum
646 2758 829 2820 heremitam,
846 2762 966 2829 propter
983 2758 1158 2813 assertiones
1177 2775 1254 2822 suas,
1274 2763 1305 2814 et

259 2841 353 2896 filium
366 2858 452 2896 suum
465 2841 613 2912 suspendi.
645 2841 715 2897 Hiis
728 2841 822 2906 factis,
833 2839 1052 2912 P[andulphus]
1062 2858 1129 2896 cum
1141 2847 1222 2897 carta
1232 2856 1306 2913 prae-
1316 2836 1393 2887 Pete?
1404 2836 1446 2889 the

259 2924 338 2979 diets
349 2925 380 2978 in
399 2924 526 2980 Galliam
544 2925 696 2989 remeavit,
716 2924 790 2980 viiie
810 2925 894 2979 milia
910 2925 1053 2980 librarum
1073 2964 1222 2980 ......
1240 2902 1408 2981 dili-him.it
1422 2905 1472 2955 ω

260 3015 364 3080 genter
382 3008 540 3072 admonuit,
561 3009 613 3080 qui
621 3009 684 3079 jum
695 3009 852 3080 parabatur
872 3049 879 3064 .
901 3049 908 3063 .
930 3051 936 3063 .
956 3015 1109 3064 remearet.
1148 3009 1210 3064 Rex
1228 3011 1306 3065 euim
1316 2969 1416 3100 gn?

258 3093 424 3164 Anglorum
437 3093 456 3147 J
460 3091 614 3162 [ohannes]
633 3092 713 3148 filius
732 3093 826 3147 faetus
845 3097 890 3148 est
907 3091 1079 3147 obedieutiae
1097 3094 1306 3149 etreconcilia-
1324 3130 1331 3143 ·

258 3178 357 3233 tionis.
376 3178 451 3233 Haeo
463 3177 585 3232 audieus
603 3193 656 3231 rex
668 3176 858 3242 Francorum,
872 3176 966 3231 iratus
985 3182 1031 3231 est
1048 3177 1145 3243 nimis,
1160 3177 1305 3234 dolenses

258 3262 356 3317 verbis
378 3262 531 3317 faliscibus
556 3261 647 3316 fuisse
668 3260 909 3332 muscipulatum.
945 3258 1130 3331 Expenderat
1145 3262 1232 3326 enim,
1255 3263 1306 3318 sti·

258 3349 387 3403 molente
409 3364 492 3419 papa,
518 3345 693 3418 plusquam¹
709 3345 769 3399 11‘2.
791 3385 798 3399 .
820 3385 827 3398 .
849 3385 856 3398 .
877 3349 1026 3415 apparatu,
1045 3362 1099 3399 nec
1117 3344 1230 3415 aliquid
1247 3346 1306 3401 nisi

258 3433 364 3504 probra
381 3436 553 3504 reportaret.
591 3430 631 3484 nt
649 3429 718 3501 qnia
730 3427 937 3499 suggestione⁴
957 3469 964 3482 .
986 3468 992 3482 .
1015 3428 1203 3483 nullamne
1220 3429 1305 3484 dictis

258 3513 452 3587 P[audulphi]
474 3551 650 3570 .......
670 3512 700 3567 in
725 3511 857 3584 Angliaf
900 3510 1076 3579 Quinimmo,
1104 3512 1244 3568 detines.
1267 3554 1273 3568 .
1296 3554 1303 3568 .

257 3600 459 3656 cismarinas.’'
497 3597 580 3667 Quod
598 3596 719 3653 audieus
740 3639 746 3651 .
769 3637 776 3651 .
798 3637 804 3650 .
825 3596 978 3651 confestim
995 3601 1030 3650 ut
1046 3596 1197 3652 recederet
1214 3599 1305 3669 impe·

257 3686 351 3751 rarit3
382 3693 413 3740 et
442 3685 599 3754 insequens
727 3682 806 3735 ferro
831 3680 961 3734 feraliter
985 3681 1075 3752 coepit
1100 3683 1302 3738 exterminare.

257 3771 406 3824 Praeterca
416 3769 515 3824 nautis
525 3805 684 3822 ........
699 3759 819 3837 propte'r
831 3781 899 3818 eum
912 3765 1070 3820 constituto
1082 3766 1303 3837 suffragaretur,

258 3854 385 3908 militare
397 3853 455 3908 sibi
467 3852 638 3924 praesidium
650 3849 830 3905 destinando.
859 3849 928 3904 Hiis
940 3848 1057 3913 auditis,
1077 3865 1130 3904 rex
1139 3850 1305 3920 Anglorurn
1315 3847 1368 3899 Ais
1379 3858 1435 3902 sent

259 3936 342 3991 misit
351 3937 383 3990 in
395 3953 567 3991 succursum
579 3935 694 3990 comitis
707 3935 828 3989 batrem
840 3950 927 3987 suum
938 3932 1131 3999 Willelmum,
1140 3934 1245 3989 ducem
1256 3934 1304 3990 vel
1315 3917 1351 3979 bl
1361 3914 1432 3967 ‘¹⁰¹¹'
1443 3923 1470 3968 ³⁰

259 4021 396 4076 comitem
404 4018 567 4084 Romulia,
579 4016 816 4088 etlleginaldum
826 4053 967 4072 .......
977 4016 1137 4083 faciebant;
1151 4017 1202 4073 ubi
1214 4023 1305 4074 totam
1315 3983 1446 4100 &effi

258 4106 377 4161 navium
398 4148 404 4160 .
429 4147 436 4160 .
462 4145 468 4159 .
490 4144 497 4158 .
521 4104 602 4173 regis
632 4102 822 4165 Francorum,
848 4104 879 4155 et
908 4101 1003 4172 ipsam
1029 4142 1036 4156 .
1064 4143 1070 4156 .
1098 4142 1105 4157 .
1130 4103 1381 4168 marinelliadm,

258 4191 397 4246 canuae.
425 4187 566 4243 Exierant
577 4186 656 4241 enim
667 4185 777 4240 milites
789 4182 827 4239 sd
842 4183 1032 4255 praedandum
1044 4184 1075 4238 in
1086 4192 1166 4240 terra
1178 4187 1303 4242 comitis.

258 4273 342 4342 Quod
360 4291 427 4329 cum
444 4272 554 4326 milites
566 4271 647 4341 regis
659 4269 825 4339 Anglorum
838 4269 1054 4338 cognovissent,
1069 4268 1106 4323 ad
1118 4287 1200 4324 arma
1211 4271 1303 4341 prosi·

257 4358 372 4422 fientes,
386 4361 530 4412 trecentas
550 4353 648 4408 exeis
667 4353 823 4417 frumento,
843 4352 921 4417 rino,
945 4358 976 4406 et
996 4352 1062 4407 aliis
1080 4353 1258 4410 victualibus
1272 4361 1303 4410 et

292 4556 299 4589 ¹
316 4557 413 4622 mlo]
443 4553 569 4619 Repented
591 4549 757 4617 supertiously
837 4547 1004 4615 3plusqrunn]
1024 4551 1088 4615 plus,
1100 4551 1157 4602 MS.

258 4637 322 4688 ulier
333 4638 453 4686 martires,
837 4629 848 4662 ⁴
864 4627 1026 4695 sufflatione]
1045 4630 1192 4696 sugestione,
1204 4632 1259 4685 MS.

291 4719 301 4751 ²
318 4718 452 4783 innuere]
471 4715 584 4776 iminere,
594 4714 650 4766 MS.

1103 4795 1168 4856 1³2
