3278 5610
392 803 438 851 nn
460 802 618 852 ramosa
642 802 742 852 nnsis
767 803 922 865 sanarer,
947 803 1011 852 vrz.
1035 803 1159 852 maru.
1233 789 1293 850 131

314 1064 469 1132 Borcani
492 1063 705 1133 camiseam
727 1064 795 1133 atti
817 1071 1003 1132 sambram
1025 1062 1238 1131 triennalem.
1310 1080 1379 1131 an.
1394 1085 1463 1132 rasa

294 1222 436 1287 Romani
460 1222 625 1308 quendam
649 1223 755 1289 civem
778 1223 1018 1289 Bononiensem
1042 1222 1106 1287 sibi
1129 1221 1298 1307 elegerunt
1311 1238 1429 1290 Thena

249 1325 286 1388 in
308 1329 501 1392 senatorem.
549 1325 615 1404 Qui
646 1325 754 1389 noluit
777 1325 971 1402 consentire,
995 1324 1061 1388 nisi
1085 1307 1456 1423 constituere-ffffiffi

248 1431 306 1491 tur
340 1426 522 1506 triennalis,
554 1431 668 1491 eontra
703 1426 927 1492 Romanorum
960 1424 1133 1511 antiquam
1166 1446 1297 1489 consue·
1311 1446 1417 1489 centor.

249 1528 409 1607 tudinem,
432 1536 467 1594 et
499 1529 679 1594 secundum
709 1530 852 1615 rigorem
871 1529 1016 1614 justitiae
1038 1529 1172 1615 puniret
1195 1527 1300 1592 delin-

249 1635 395 1715 quentes.
442 1630 488 1696 Et
522 1631 584 1695 hoo
616 1629 680 1695 ut1
702 1636 812 1696 ratum
846 1630 991 1708 haberet,
1023 1630 1136 1717 exegit
1170 1629 1299 1694 obsides

248 1732 390 1819 frugales
424 1755 444 1797 a
474 1731 695 1798 nobilioribus
729 1733 828 1799 urbis.
884 1733 966 1812 Quae
1001 1733 1113 1797 omnia
1146 1752 1299 1798 concessa

249 1839 328 1899 sunt
365 1834 422 1900 illi.
483 1834 625 1900 Senator
662 1836 766 1921 igitur
803 1835 1006 1901 constitutus
1044 1839 1102 1900 est.
1164 1833 1297 1898 Nomen

248 1941 360 2002 autem
390 1937 441 2001 illi
474 1936 661 2004 Brancaleo.
707 1937 785 2024 Ipso
816 1958 885 2002 non
919 1936 986 2002 fuit
1017 1935 1138 2022 aliquis
1165 1939 1299 2000 senator

245 2037 367 2102 nostris
389 2038 594 2125 temporibus
621 2038 754 2124 justior,
778 2042 839 2104 aut
863 2039 899 2102 in
923 2034 1139 2104 executione²
1161 2035 1299 2101 ultionis

248 2140 283 2203 in
305 2145 416 2204 sontes
438 2137 597 2226 rigidior.³

539 2406 589 2472 De
611 2404 738 2473 nenio⁴
765 2400 999 2476 Winto'oe'cosi.

293 2561 376 2647 Regi
407 2566 519 2626 autem
550 2583 712 2647 pransuro
742 2562 828 2627 festo
854 2561 1028 2627 memorati
1051 2559 1193 2636 Natalis,
1216 2558 1297 2624 fece·
1310 2579 1452 2647 aenam.

248 2667 328 2727 runt
351 2664 437 2727 cives
461 2663 708 2729 Wintonienses
737 2664 898 2729 xenium⁵
927 2663 1177 2729 nobilissimum.
1224 2661 1298 2726 Rex
1310 2647 1419 2777 ἓξὲξ

249 2785 327 2829 vero
360 2764 491 2829 eosdem
528 2765 565 2828 in
602 2764 761 2830 ducentas
800 2787 926 2831 marcas
964 2765 1126 2852 obligans,
1164 2763 1297 2829 Natalis
1310 2781 1375 2832 from
1386 2781 1429 2831 the

1310 2848 1414 2898 citizens
1426 2847 1455 2898 οἰ

247 2865 511 2950 solempnitatem
550 2865 587 2928 in
624 2866 797 2952 lugubrem
837 2869 883 2932 eis
928 2867 1093 2932 convertit
1137 2866 1298 2931 lamenta·
1310 2912 1441 2964 wracha-

247 2967 384 3032 tionem.
1311 2987 1356 3030 Μ·

263 3231 371 3299 Facto
393 3239 440 3300 est
460 3232 644 3301 conomdto
665 3232 758 3299 inter
780 3231 1072 3322 archipiscopum
1094 3239 1124 3299 ct
1146 3232 1285 3300 eoram

633 3334 920 3405 ll'r‘srrtorre'eoracm.⁰

293 3495 335 3559 In
358 3495 481 3560 octabis
504 3517 582 3560 vero
597 3492 816 3582 Epiphaniae,7
831 3516 907 3581 rege
930 3502 965 3560 et
987 3493 1102 3581 regina
1123 3493 1300 3580 diligenter
1344 3513 1447 3570 raJan.

249 3597 512 3683 procurantibus,
536 3619 611 3684 rege
644 3620 704 3685 pro
737 3597 841 3662 fratre
874 3619 932 3662 suo
968 3596 1079 3677 electo,
1103 3597 1216 3683 regina
1240 3618 1299 3682 pro
1312 3578 1439 3698 mebe-

248 3699 411 3766 cvunculo
434 3722 492 3766 suo
516 3700 768 3789 archiepiscopo,
792 3701 887 3788 plene
911 3700 1088 3766 restitutus
1110 3708 1162 3765 est
1184 3698 1300 3784 gratiae
1312 3719 1392 3763 tween
1402 3714 1444 3764 the

249 3809 285 3868 et
321 3804 394 3889 paci
429 3804 553 3870 electus
585 3805 767 3890 proedictns
799 3825 874 3869 cum
908 3803 1162 3890 archiepiscopo,
1197 3803 1233 3865 et
1262 3800 1299 3863 in
1312 3779 1417 3897 {hm

248 3906 357 3969 oaculo
379 3905 468 3990 pacis
490 3907 674 3973 restitutus.
720 3906 744 3970 J
746 3907 860 3971 aravit
890 3907 978 3973 enim
1003 3908 1040 3971 in
1062 3905 1194 3993 publico
1218 3902 1438 3977 elec-barma

250 4009 314 4085 tus,
338 4006 427 4089 quod
449 4028 619 4092 nunquam
642 4013 850 4074 consenserat
877 4009 927 4072 illi
950 4008 1127 4086 violentiae,
1151 4025 1209 4092 pro
1233 3977 1425 4096 quagfiilff

1312 4109 1416 4164 nata.

283 4220 290 4251 ¹
309 4222 350 4287 ut]
370 4221 517 4273 Interlined.
800 4227 936 4278 Chroniclc
959 4227 986 4275 in
1006 4226 1049 4275 the
1066 4239 1139 4291 years
1161 4228 1225 4273 1258
1248 4225 1299 4273 and

282 4299 293 4331 ²
309 4303 459 4368 executione]
478 4303 679 4365 excaecantis.
801 4310 873 4356 1259.
908 4305 954 4355 See
966 4303 1068 4354 Preface
1079 4313 1106 4353 to
1117 4303 1167 4352 vol
1179 4302 1195 4352 i.
1207 4318 1231 4367 p.
1243 4303 1260 4353 l.

282 4379 377 4431 ³Hera
394 4382 455 4430 ends
473 4381 516 4432 the
536 4381 707 4450 handwriting
724 4385 754 4435 of
831 4384 841 4415 ⁴
858 4384 944 4449 xenio]
964 4384 1046 4443 renio,
1056 4380 1112 4434 MS.

248 4459 292 4509 the
307 4461 397 4510 author
414 4461 535 4512 Matthew
547 4461 627 4518 Paris,
640 4465 689 4512 and
706 4465 748 4514 the
831 4462 840 4495 ⁵
858 4462 966 4528 xenium]
987 4462 1094 4522 renium,
1108 4458 1164 4512 MS.

247 4538 389 4590 rematnder
399 4541 429 4590 of
441 4540 492 4590 this
503 4540 709 4605 ycariswritten
721 4543 749 4593 in
830 4541 841 4573 ⁶
858 4539 1064 4606 wintoniensem]
1095 4539 1297 4600 vintoniensem,

247 4635 263 4669 a
274 4620 393 4669 different
405 4621 450 4670 but
467 4628 661 4686 contemporary
673 4621 750 4684 bend,
797 4620 853 4674 MS.

247 4699 605 4764 whichbasalsocompletcd
619 4701 663 4752 the
674 4701 750 4752 fuller
829 4698 1023 4767 ramptano]
1041 4698 1173 4765 Ephiph’e,
1183 4699 1239 4749 MS.
