3278 5610
368 746 433 809 300
454 755 620 807 uersum
644 755 1109 807 rsa1smus1sssaaavmrro
1130 747 1396 804 ceaomcoseu.

202 935 271 987 Α.Ι).
286 940 357 988 1247.
370 935 444 989 tales
461 936 593 990 ecclesiae
612 953 735 1006 guerras
754 942 784 989 et
796 933 946 1003 sanguinis
960 931 1120 986 Christiani
1132 929 1278 1002 profluvia
1289 924 1420 981 Domino

203 1028 306 1078 Arrival
318 1027 347 1077 of
370 1019 550 1074 exercituum
562 1020 687 1074 maxime
700 1018 895 1089 displicuisse.
933 1016 1071 1087 Applicat
1089 1015 1120 1069 in
1131 1014 1242 1085 Anglia
1260 1012 1419 1083 episcopus

202 1096 245 1145 the
256 1094 336 1144 ΜΠ·
370 1103 548 1168 Sabinensis,
563 1102 728 1174 apostolicas
741 1102 819 1157 sedis
838 1100 1004 1164 cardinalis,
1019 1100 1055 1153 de
1067 1100 1186 1156 licentia
1199 1097 1311 1153 domini
1322 1094 1416 1166 regis,

202 1162 296 1277 galbffi
307 1160 347 1277 Οἷα
368 1190 463 1244 iturus
481 1191 512 1244 in
529 1196 628 1261 partes
647 1190 788 1255 boreales,
808 1190 948 1245 videlicet
962 1189 1150 1260 Norwegiam
1167 1194 1198 1244 et
1217 1187 1363 1250 Sueoiam,
1383 1190 1418 1238 ut

202 1244 241 1343 ἦξε
252 1243 346 1358 wizo
369 1315 375 1328 .
398 1315 404 1327 .
427 1316 433 1328 .
454 1274 606 1329 Haconem
618 1279 649 1328 et
666 1280 827 1328 coronaret.
866 1273 932 1342 Qui,
953 1274 1030 1328 sicut
1048 1274 1112 1344 ejus
1130 1273 1344 1345 progenitores,
1364 1286 1418 1324 rex
1430 1260 1559 1312 still-lim

203 1360 320 1424 Norvay.
367 1357 534 1427 Norwagiae
562 1358 707 1420 extiterat,
733 1376 786 1429 per
810 1358 949 1411 diuturna
973 1357 1081 1420 secula,
1108 1356 1161 1411 sed
1184 1375 1243 1411 non
1265 1356 1415 1410 inunctus.
1430 1333 1469 1378 ²⁴·

203 1439 244 1489 He
255 1448 342 1489 exacte
369 1441 534 1497 Oardinalis
544 1442 638 1513 igitur
647 1451 825 1496 memoratus
836 1442 914 1514 apud
921 1443 983 1497 Len
991 1459 1181 1505 commorans,
1188 1435 1417 1510 procurancius,l

203 1522 321 1584 limum·
369 1543 403 1580 ac
432 1526 457 1579 si
482 1530 560 1580 esset
582 1525 699 1595 legatus
726 1526 757 1578 in
781 1526 919 1596 Angliam
948 1526 1118 1590 destinatus,
1147 1524 1284 1596 plurimis
1312 1521 1417 1577 diebus

203 1575 349 1704 ffifflrog·
369 1615 489 1665 ventum
507 1627 679 1681 prosperum
699 1616 862 1680 expectans,
884 1611 919 1664 ab
944 1611 1078 1665 omnibus
1096 1609 1200 1664 vicinis
1220 1614 1250 1664 et
1267 1606 1417 1678 aliquibus

203 1708 272 1756 Mass
283 1707 345 1756 cele.
368 1693 490 1748 remotis
508 1694 653 1765 episcopis
672 1699 703 1748 et
720 1694 874 1748 abbatibus
893 1695 1036 1765 exigebat.
1073 1693 1198 1749 Etcum
1216 1697 1321 1746 ventus
1341 1709 1418 1746 com-

203 1773 334 1850 brfltedffl}
370 1776 494 1832 modus²
512 1779 680 1848 aspirasset,
701 1778 771 1833 fecit
794 1779 937 1833 celebrari
958 1779 1077 1833 missam
1104 1779 1135 1832 in
1161 1778 1229 1832 navi
1247 1777 1326 1848 apud
1345 1775 1416 1839 Len,

203 1839 349 1954 “31¹de
371 1862 440 1916 dum
468 1867 560 1917 staret
586 1862 681 1917 adhuc
699 1862 858 1917 immobilis
883 1880 971 1933 super
989 1863 1110 1925 aridam,
1130 1860 1343 1916 admirantibus
1366 1859 1419 1930 qui

204 1914 230 1957 at
264 1920 340 1970 μηθ’
369 1946 452 2000 illam
463 1945 600 2000 viderunt
625 1947 793 2001 novitatem.
838 1947 877 2001 Et
894 1952 960 2017 post
985 1947 1115 2008 missam,
1141 1945 1264 2000 sinuatis
1285 1941 1419 2015 [velis,]⁸

370 2030 511 2101 Angliam
523 2048 540 2084 a
553 2036 637 2102 tergo
650 2031 790 2095 salutans,
806 2030 1080 2102 septentrionalibus
1093 2029 1228 2084 fluctibus
1241 2028 1419 2083 irraditurus

205 2118 295 2167 Hecon
371 2131 403 2168 se
421 2114 575 2168 commisit.
613 2114 652 2168 Et
670 2132 736 2169 eum
754 2115 785 2168 in
803 2114 990 2185 Norwegiam
1008 2114 1198 2185 pervenisset,
1216 2113 1345 2169 officium
1362 2111 1420 2167 sibi

205 2183 323 2261 ⁸¹30l¹¹l0d
371 2198 535 2266 injunctum
552 2197 587 2250 de
599 2216 670 2268 rege
688 2198 812 2269 perfecit
829 2198 1025 2269 inunguendo.
1063 2198 1186 2252 Etcum
1199 2197 1236 2252 ad
1258 2202 1419 2251 sevocatus

205 2249 317 2380 {¹3}ss
371 2280 453 2335 illius
471 2278 600 2351 regionis
619 2281 709 2351 Nigri
721 2280 839 2335 Ordinis
852 2283 1018 2345 monachos,
1032 2283 1130 2336 minus
1143 2281 1289 2336 inveniret
1304 2280 1418 2342 habitu,

205 2353 359 2433 Themoflk„
371 2364 502 2419 moribus
521 2374 552 2418 et
569 2371 656 2436 gestu
677 2364 835 2429 ordinatos,
856 2366 898 2420 ite
923 2373 956 2420 ιιι
981 2384 1088 2437 peuces
1102 2366 1270 2437 professos,
1290 2364 1420 2418 nullum-

205 2448 235 2499 οἱ
243 2449 285 2498 the
372 2465 429 2518 que
448 2448 598 2503 silentium
616 2449 829 2513 observantem,
850 2450 986 2521 promisit
998 2450 1108 2504 eisdem
1127 2450 1310 2504 visitatorem
1328 2454 1360 2502 et
1378 2448 1421 2501 in·

206 2515 285 2630 3¹3¹*
372 2534 558 2586 formatorem
577 2533 749 2588 auctoritate
762 2533 859 2603 papali
883 2534 1148 2589 transmittendum.
1188 2532 1265 2600 Quos
1284 2531 1418 2602 rogabat,

206 2582 337 2706 gmgffi'
372 2624 407 2671 nt
431 2616 528 2687 ipsum
553 2617 719 2687 reciperent
745 2623 923 2680 reverenter,
945 2625 975 2672 et
1001 2619 1137 2673 audirent
1163 2617 1342 2671 obedienter.
1381 2616 1421 2670 st

205 2713 360 2762 withaview
372 2701 481 2755 missus
500 2705 545 2755 est
562 2700 685 2754 Romam
703 2701 740 2755 ob
764 2700 818 2756 hoc
841 2703 930 2757 abbas
949 2703 984 2756 de
1011 2703 1110 2763 Holm,
1131 2700 1333 2756 Nidrosiensis
1359 2699 1421 2753 dio-

205 2787 232 2830 ¹⁰
244 2779 308 2830 their
320 2796 360 2829 re·
373 2786 459 2850 cesis,
479 2791 510 2839 et
527 2785 696 2850 Hernisius,
716 2787 875 2840 monachus
901 2787 975 2856 ejus,
996 2804 1062 2840 cum
1090 2787 1185 2840 literis
1208 2787 1303 2855 ipsius
1327 2784 1420 2854 legati

206 2846 411 2963 ffifflofad
430 2868 577 2922 dominum
605 2886 719 2940 papam,
739 2882 773 2923 ut
799 2868 928 2941 aliquem
955 2870 1111 2925 idoneum*
1130 2871 1312 2924 visitatorem
1330 2873 1361 2922 ct
1379 2867 1422 2921 iu-

208 2980 286 3028 Holm
298 2988 354 3028 sent
373 2954 570 3016 formatorem,
590 2953 764 3007 monachum
788 2954 877 3024 Nigri
898 2954 1027 3017 Ordinis,
1048 2954 1084 3008 sd
1108 2953 1327 3007 reformandum
1344 2951 1422 3006 Nor·

207 3054 233 3095 to
246 3047 325 3095 Romo
372 3038 553 3106 wagensium
571 3037 776 3092 monachorum
790 3037 929 3092 Ordinem
942 3057 993 3109 per
1005 3039 1216 3108 negligentiam
1232 3037 1421 3108 praelatorum

206 3113 311 3161 f⁰¹tl¹¹²l
374 3120 578 3185 deformatum,
605 3122 676 3175 illuc
704 3123 871 3177 destinaret.
911 3122 994 3190 Quod
1018 3129 1048 3176 et
1067 3123 1176 3176 factum
1202 3129 1256 3185 est,
1278 3125 1368 3191 prout
1392 3120 1424 3173 in

207 3193 344 3295 fffflffioe
375 3207 564 3276 sequentibus
582 3206 705 3261 dicetur.
744 3207 816 3260 Tres
841 3206 951 3260 domini
978 3207 1059 3276 regis
1084 3208 1189 3260 frat-res
1208 3205 1318 3260 uterini
1336 3221 1424 3258 vene-

208 3311 306 3361 umim.
373 3305 444 3345 runt
460 3290 491 3344 in
508 3290 658 3360 Angliam,
679 3309 697 3344 a
713 3307 784 3360 rege
803 3291 909 3352 vocati,
930 3290 984 3344 filii
1009 3291 1124 3344 comitis
1150 3290 1185 3343 de
1207 3288 1341 3343 Marchia
1358 3286 1424 3341 Hu-

207 3379 320 3428 bmthers
330 3376 359 3427 of
375 3375 470 3444 genis,
484 3374 596 3445 amplos
613 3375 738 3428 honores
751 3376 908 3445 recepturi,
923 3374 1062 3428 videlicet
1075 3374 1171 3427 Guido
1184 3374 1220 3427 de
1236 3373 1422 3435 Lincinnum,

207 3445 249 3494 ¹¹¹²
261 3445 324 3508 king
375 3459 540 3512 Willelmus
559 3458 595 3511 de
613 3458 767 3513 Walentia.
788 3464 818 3512 ct
829 3458 1029 3512 AEthelmarus
1048 3459 1180 3512 clericus.
1217 3458 1306 3510 Pater
1324 3461 1425 3510 autem

208 3518 333 3641 ffiffi
375 3561 477 3597 eorum
495 3542 595 3612 Hugo,
616 3549 646 3595 et
673 3543 764 3596 frater
792 3542 1004 3613 primogenitus
1031 3542 1131 3611 Hugo.
1152 3543 1314 3595 ammonitu
1340 3542 1424 3608 regis

375 3627 564 3688 Francorum,
594 3627 671 3679 sicut
700 3626 787 3679 multi
816 3626 970 3695 optimates
1002 3626 1037 3678 de
1067 3645 1158 3695 regno
1189 3626 1368 3679 Francorum
1395 3631 1426 3678 et

375 3710 545 3780 regionibus
567 3710 765 3765 conterminis,
785 3727 871 3763 cruce
898 3710 1097 3778 sigmrbantur.
1137 3712 1279 3780 Tempore
1306 3726 1424 3779 quoque

376 3795 431 3848 snb
452 3836 457 3846 .
481 3836 487 3846 .
510 3835 516 3846 .
540 3793 591 3846 ari
622 3793 705 3862 regio
730 3793 885 3848 inhiantes.
913 3801 1064 3862 ruriguates
1092 3794 1277 3849 ultramarini
1305 3800 1336 3847 et
1362 3793 1425 3846 lon·
1458 3792 1502 3841 iol.
1516 3788 1560 3839 rel

377 3878 480 3949 giuqui
509 3919 515 3930 .
537 3919 544 3930 .
566 3918 573 3930 .
601 3877 945 3946 Constantinopolitanae,
973 3878 1081 3931 domiui
1108 3880 1198 3948 regis.
1228 3886 1261 3932 ιιι
1285 3878 1560 3940 asseruit,1bidiii:'

376 3961 618 4031 consanguineus.
650 3979 716 4015 rum
748 3961 921 4030 quibusdam
943 4004 948 4013 .
972 4004 977 4013 .
1001 4004 1006 4015 .
1028 3964 1110 4016 aunis
1141 3973 1226 4017 antea
1255 3962 1423 4025 transactis,

376 4046 509 4099 (amnibus
527 4045 662 4115 reliquiis
688 4063 761 4114 quus
782 4086 788 4097 .
811 4086 817 4098 .
840 4087 846 4098 .
869 4045 976 4098 .l›ouis
995 4048 1110 4116 aufugit
1129 4049 1280 4118 spoliatus.
1320 4046 1380 4102 Sed
1407 4065 1427 4099 a

376 4147 447 4199 rege
466 4135 496 4183 et
514 4129 620 4182 comite
639 4128 774 4189 Ricardo,
794 4129 905 4182 ustione
927 4132 1188 4199 cousauguinirstis
1213 4133 1282 4186 licet·
1309 4131 1426 4200 longin-

376 4231 451 4283 quae,
472 4212 581 4266 meruit·
602 4212 733 4282 recipere
751 4211 787 4265 de
807 4212 904 4283 inopia
921 4214 1155 4268 eornolatioueru.
1192 4216 1286 4278 Unde,
1307 4215 1426 4269 refertis

221 4296 252 4340 28
267 4294 346 4356 April·
377 4296 505 4353 clitellis,
525 4295 614 4350 ditior
632 4296 782 4349 remearit.
821 4296 931 4350 Eodem
951 4315 1025 4350 anuo
1046 4340 1051 4349 .
1073 4340 1079 4351 .
1100 4341 1105 4350 .
1127 4302 1202 4353 sesto
1221 4301 1296 4354 beuti
1315 4301 1426 4356 Vitalis
1439 4292 1560 4344 stiffi?

780 4441 914 4449 ——-
941 4443 984 4448 ..-
1264 4446 1392 4454 .-.*⁴
1412 4451 1421 4455 .

411 4534 627 4599 ‘pererret-ios]
658 4542 681 4583 et
712 4535 877 4598 procurares,
957 4536 1057 4602 ³rclis]
1078 4539 1190 4589 Omitted
1202 4541 1225 4588 iu
1238 4541 1293 4590 MS.
1311 4542 1428 4599 manre,

379 4613 443 4663 us..
455 4614 499 4660 but
511 4622 532 4660 ct
544 4614 563 4661 is
576 4613 736 4674 superfluous.
925 4633 947 4678 p.
959 4623 1015 4664 ⁴241.

411 4691 580 4755 ieiunatur]
601 4694 728 4754 comedas,
738 4694 794 4743 MS.
958 4699 966 4726 ¹
984 4696 1103 4763 ideam]
1123 4701 1256 4762 ydoneum
1267 4701 1324 4753 MS.
