<?xml version="1.0" encoding="UTF-8"?>
<!DOCTYPE html PUBLIC "-//W3C//DTD XHTML 1.0 Transitional//EN"
    "http://www.w3.org/TR/xhtml1/DTD/xhtml1-transitional.dtd">
<html xmlns="http://www.w3.org/1999/xhtml" xml:lang="en" lang="en">
 <head>
  <title>
</title>
<meta http-equiv="Content-Type" content="text/html;charset=utf-8" />
  <meta name='ocr-system' content='tesseract 3.04.00' />
  <meta name='ocr-capabilities' content='ocr_page ocr_carea ocr_par ocr_line ocrx_word'/>
</head>
<body>
  <div class='ocr_page' id='page_1' title='image "./matthiparisiens03parigoog_0161.png"; bbox 0 0 3278 5610; ppageno 0'>
   <div class='ocr_carea' id='block_1_1' title="bbox 368 790 1302 867">
    <p class='ocr_par' dir='ltr' id='par_1_1' title="bbox 368 790 1302 867">
     <span class='ocr_line' id='line_1_1' title="bbox 368 790 1302 867; baseline -0.005 -15"><span class='ocrx_word' id='word_1_1' title='bbox 368 790 432 853; x_wconf 91' lang='lat'>100</span> <span class='ocrx_word' id='word_1_2' title='bbox 489 800 654 867; x_wconf 73' lang='lat' dir='ltr'>narrum</span> <span class='ocrx_word' id='word_1_3' title='bbox 677 797 890 850; x_wconf 76' lang='lat' dir='ltr'>ranrsrsusrs</span> <span class='ocrx_word' id='word_1_4' title='bbox 913 796 1077 848; x_wconf 78' lang='lat' dir='ltr'>msroura</span> <span class='ocrx_word' id='word_1_5' title='bbox 1100 795 1302 848; x_wconf 74' lang='lat' dir='ltr'>suenorum</span> 
     </span>
    </p>
   </div>
   <div class='ocr_carea' id='block_1_2' title="bbox 201 973 1419 1165">
    <p class='ocr_par' dir='ltr' id='par_1_2' title="bbox 201 973 1419 1165">
     <span class='ocr_line' id='line_1_2' title="bbox 201 973 1419 1056; baseline -0.004 -14"><span class='ocrx_word' id='word_1_6' title='bbox 201 982 270 1032; x_wconf 68' lang='grc' dir='ltr'>ΑΒ·</span> <span class='ocrx_word' id='word_1_7' title='bbox 285 977 552 1056; x_wconf 79' lang='lat' dir='ltr'>12⁵1.Palemam,</span> <span class='ocrx_word' id='word_1_8' title='bbox 575 976 746 1043; x_wconf 85' lang='lat' dir='ltr'>civitatem</span> <span class='ocrx_word' id='word_1_9' title='bbox 773 976 968 1054; x_wconf 68' lang='lat' dir='ltr'>Siciliane</span> <span class='ocrx_word' id='word_1_10' title='bbox 997 974 1045 1041; x_wconf 90' lang='lat' dir='ltr'>ibi</span> <span class='ocrx_word' id='word_1_11' title='bbox 1077 974 1185 1040; x_wconf 89' lang='lat' dir='ltr'>tutius</span> <span class='ocrx_word' id='word_1_12' title='bbox 1216 973 1419 1040; x_wconf 86' lang='lat' dir='ltr'>custodiren-</span> 
     </span>
     <span class='ocr_line' id='line_1_3' title="bbox 370 1074 1419 1165; baseline -0.005 -22"><span class='ocrx_word' id='word_1_13' title='bbox 370 1085 436 1160; x_wconf 92' lang='lat' dir='ltr'>tur,</span> <span class='ocrx_word' id='word_1_14' title='bbox 459 1103 480 1144; x_wconf 90' lang='lat' dir='ltr'>a</span> <span class='ocrx_word' id='word_1_15' title='bbox 503 1079 664 1160; x_wconf 83' lang='lat' dir='ltr'>Conrado,</span> <span class='ocrx_word' id='word_1_16' title='bbox 687 1079 756 1145; x_wconf 89' lang='lat' dir='ltr'>filio</span> <span class='ocrx_word' id='word_1_17' title='bbox 779 1078 1002 1165; x_wconf 85' lang='lat' dir='ltr'>F[retherici].</span> <span class='ocrx_word' id='word_1_18' title='bbox 1048 1077 1094 1143; x_wconf 89' lang='lat' dir='ltr'>Et</span> <span class='ocrx_word' id='word_1_19' title='bbox 1127 1075 1190 1142; x_wconf 91' lang='lat' dir='ltr'>hoc</span> <span class='ocrx_word' id='word_1_20' title='bbox 1222 1077 1262 1141; x_wconf 94' lang='lat' dir='ltr'>de</span> <span class='ocrx_word' id='word_1_21' title='bbox 1284 1074 1419 1140; x_wconf 89' lang='lat' dir='ltr'>consilio</span> 
     </span>
    </p>
   </div>
   <div class='ocr_carea' id='block_1_3' title="bbox 371 1179 1421 1372">
    <p class='ocr_par' dir='ltr' id='par_1_3' title="bbox 371 1179 1421 1372">
     <span class='ocr_line' id='line_1_4' title="bbox 371 1179 1421 1272; baseline -0.004 -24"><span class='ocrx_word' id='word_1_22' title='bbox 371 1186 483 1272; x_wconf 85' lang='lat' dir='ltr'>patris,</span> <span class='ocrx_word' id='word_1_23' title='bbox 507 1186 587 1251; x_wconf 90' lang='lat' dir='ltr'>dum</span> <span class='ocrx_word' id='word_1_24' title='bbox 614 1185 651 1249; x_wconf 94' lang='lat' dir='ltr'>in</span> <span class='ocrx_word' id='word_1_25' title='bbox 674 1184 834 1251; x_wconf 73' lang='lat' dir='ltr'>extremis</span> <span class='ocrx_word' id='word_1_26' title='bbox 860 1187 980 1272; x_wconf 83' lang='lat' dir='ltr'>ageret.</span> <span class='ocrx_word' id='word_1_27' title='bbox 1025 1182 1142 1269; x_wconf 87' lang='lat' dir='ltr'>Aliqui</span> <span class='ocrx_word' id='word_1_28' title='bbox 1174 1187 1287 1248; x_wconf 88' lang='lat' dir='ltr'>tamen</span> <span class='ocrx_word' id='word_1_29' title='bbox 1317 1179 1421 1266; x_wconf 90' lang='lat' dir='ltr'>capti·</span> 
     </span>
     <span class='ocr_line' id='line_1_5' title="bbox 371 1279 1420 1372; baseline -0.007 -20"><span class='ocrx_word' id='word_1_30' title='bbox 371 1309 488 1352; x_wconf 88' lang='lat' dir='ltr'>vorum</span> <span class='ocrx_word' id='word_1_31' title='bbox 514 1287 587 1352; x_wconf 91' lang='lat' dir='ltr'>dati</span> <span class='ocrx_word' id='word_1_32' title='bbox 617 1292 696 1352; x_wconf 89' lang='lat' dir='ltr'>sunt</span> <span class='ocrx_word' id='word_1_33' title='bbox 719 1284 889 1367; x_wconf 91' lang='lat' dir='ltr'>Henrico,1</span> <span class='ocrx_word' id='word_1_34' title='bbox 911 1286 981 1351; x_wconf 87' lang='lat' dir='ltr'>filio</span> <span class='ocrx_word' id='word_1_35' title='bbox 1004 1283 1218 1372; x_wconf 87' lang='lat' dir='ltr'>F[retherici]</span> <span class='ocrx_word' id='word_1_36' title='bbox 1241 1288 1276 1349; x_wconf 90' lang='lat' dir='ltr'>et</span> <span class='ocrx_word' id='word_1_37' title='bbox 1307 1279 1420 1368; x_wconf 93' lang='lat' dir='ltr'>nepoti</span> 
     </span>
    </p>
   </div>
   <div class='ocr_carea' id='block_1_4' title="bbox 371 1383 1420 1476">
    <p class='ocr_par' dir='ltr' id='par_1_4' title="bbox 371 1383 1420 1476">
     <span class='ocr_line' id='line_1_6' title="bbox 371 1383 1420 1476; baseline -0.007 -22"><span class='ocrx_word' id='word_1_38' title='bbox 371 1389 497 1455; x_wconf 89' lang='lat' dir='ltr'>domini</span> <span class='ocrx_word' id='word_1_39' title='bbox 519 1388 605 1476; x_wconf 82' lang='lat' dir='ltr'>regis</span> <span class='ocrx_word' id='word_1_40' title='bbox 627 1388 769 1475; x_wconf 86' lang='lat' dir='ltr'>Angliae,</span> <span class='ocrx_word' id='word_1_41' title='bbox 792 1409 874 1474; x_wconf 89' lang='lat' dir='ltr'>quos</span> <span class='ocrx_word' id='word_1_42' title='bbox 897 1387 1038 1453; x_wconf 89' lang='lat' dir='ltr'>tradidit</span> <span class='ocrx_word' id='word_1_43' title='bbox 1060 1386 1213 1453; x_wconf 79' lang='lat' dir='ltr'>Conrado</span> <span class='ocrx_word' id='word_1_44' title='bbox 1236 1383 1420 1452; x_wconf 87' lang='lat' dir='ltr'>custodien-</span> 
     </span>
    </p>
   </div>
   <div class='ocr_carea' id='block_1_5' title="bbox 202 1484 1424 2697">
    <p class='ocr_par' dir='ltr' id='par_1_5' title="bbox 202 1484 1424 2493">
     <span class='ocr_line' id='line_1_7' title="bbox 203 1484 1422 1620; baseline -0.002 -66"><span class='ocrx_word' id='word_1_45' title='bbox 203 1501 288 1620; x_wconf 63' lang='lat' dir='ltr'>dam</span> <span class='ocrx_word' id='word_1_46' title='bbox 299 1503 329 1553; x_wconf 79' lang='lat' dir='ltr'>of</span> <span class='ocrx_word' id='word_1_47' title='bbox 371 1491 438 1558; x_wconf 89' lang='lat' dir='ltr'>dos.</span> <span class='ocrx_word' id='word_1_48' title='bbox 478 1491 573 1558; x_wconf 91' lang='lat' dir='ltr'>Inter</span> <span class='ocrx_word' id='word_1_49' title='bbox 588 1511 669 1577; x_wconf 91' lang='lat' dir='ltr'>quos</span> <span class='ocrx_word' id='word_1_50' title='bbox 683 1491 900 1556; x_wconf 74' lang='lat' dir='ltr'>incarceratos</span> <span class='ocrx_word' id='word_1_51' title='bbox 916 1489 982 1554; x_wconf 85' lang='lat' dir='ltr'>fuit</span> <span class='ocrx_word' id='word_1_52' title='bbox 996 1489 1086 1554; x_wconf 88' lang='lat' dir='ltr'>filius</span> <span class='ocrx_word' id='word_1_53' title='bbox 1100 1487 1267 1554; x_wconf 90' lang='lat' dir='ltr'>marchisii</span> <span class='ocrx_word' id='word_1_54' title='bbox 1282 1484 1422 1551; x_wconf 84' lang='lat' dir='ltr'>Montis·</span> 
     </span>
     <span class='ocr_line' id='line_1_8' title="bbox 233 1585 325 1620; baseline -0.011 0"><span class='ocrx_word' id='word_1_55' title='bbox 233 1585 325 1620; x_wconf 70' lang='lat' dir='ltr'>emar·</span> 
     </span>
     <span class='ocr_line' id='line_1_9' title="bbox 202 1637 1422 1782; baseline 0.003 -31"><span class='ocrx_word' id='word_1_56' title='bbox 202 1637 342 1779; x_wconf 51' lang='lat' dir='ltr'>ididiae</span> <span class='ocrx_word' id='word_1_57' title='bbox 370 1694 513 1781; x_wconf 89' lang='lat' dir='ltr'>therici],</span> <span class='ocrx_word' id='word_1_58' title='bbox 535 1717 633 1782; x_wconf 90' lang='lat' dir='ltr'>quem</span> <span class='ocrx_word' id='word_1_59' title='bbox 656 1695 880 1761; x_wconf 91' lang='lat' dir='ltr'>Bononienses</span> <span class='ocrx_word' id='word_1_60' title='bbox 902 1693 1010 1759; x_wconf 88' lang='lat' dir='ltr'>adhuc</span> <span class='ocrx_word' id='word_1_61' title='bbox 1032 1693 1203 1779; x_wconf 88' lang='lat' dir='ltr'>captivum</span> <span class='ocrx_word' id='word_1_62' title='bbox 1224 1689 1422 1758; x_wconf 83' lang='lat' dir='ltr'>retinebant.</span> 
     </span>
     <span class='ocr_line' id='line_1_10' title="bbox 203 1782 1421 1886; baseline -0.007 -22"><span class='ocrx_word' id='word_1_63' title='bbox 203 1782 318 1885; x_wconf 49' lang='lat'>2233,</span> <span class='ocrx_word' id='word_1_64' title='bbox 372 1797 554 1885; x_wconf 77' lang='lat' dir='ltr'>coeperunt</span> <span class='ocrx_word' id='word_1_65' title='bbox 590 1798 694 1886; x_wconf 74' lang='lat' dir='ltr'>igitur</span> <span class='ocrx_word' id='word_1_66' title='bbox 730 1797 791 1862; x_wconf 85' lang='lat' dir='ltr'>filii</span> <span class='ocrx_word' id='word_1_67' title='bbox 823 1802 857 1863; x_wconf 77' lang='lat' dir='ltr'>a</span> <span class='ocrx_word' id='word_1_68' title='bbox 886 1795 985 1862; x_wconf 69' lang='lat' dir='ltr'>amia</span> <span class='ocrx_word' id='word_1_69' title='bbox 1016 1794 1230 1882; x_wconf 66' lang='lat' dir='ltr'>spamae]</span> <span class='ocrx_word' id='word_1_70' title='bbox 1267 1791 1421 1868; x_wconf 69' lang='lat' dir='ltr'>roboras,</span> 
     </span>
     <span class='ocr_line' id='line_1_11' title="bbox 204 1851 1424 1984; baseline -0.005 -19"><span class='ocrx_word' id='word_1_71' title='bbox 204 1851 356 1962; x_wconf 59' lang='lat' dir='ltr'>tarsicius,</span> <span class='ocrx_word' id='word_1_72' title='bbox 370 1905 406 1965; x_wconf 88' lang='lat' dir='ltr'>et</span> <span class='ocrx_word' id='word_1_73' title='bbox 436 1899 583 1965; x_wconf 89' lang='lat' dir='ltr'>roborati</span> <span class='ocrx_word' id='word_1_74' title='bbox 612 1900 801 1965; x_wconf 72' lang='lat' dir='ltr'>calcaneum</span> <span class='ocrx_word' id='word_1_75' title='bbox 836 1903 951 1964; x_wconf 86' lang='lat' dir='ltr'>contra</span> <span class='ocrx_word' id='word_1_76' title='bbox 982 1918 1103 1984; x_wconf 88' lang='lat' dir='ltr'>papam</span> <span class='ocrx_word' id='word_1_77' title='bbox 1134 1895 1264 1977; x_wconf 88' lang='lat' dir='ltr'>levare;</span> <span class='ocrx_word' id='word_1_78' title='bbox 1298 1899 1333 1961; x_wconf 87' lang='lat' dir='ltr'>et</span> <span class='ocrx_word' id='word_1_79' title='bbox 1366 1893 1424 1975; x_wconf 89' lang='lat' dir='ltr'>sic,</span> 
     </span>
     <span class='ocr_line' id='line_1_12' title="bbox 204 1968 1424 2088; baseline -0.004 -23"><span class='ocrx_word' id='word_1_80' title='bbox 204 1968 333 2083; x_wconf 59' lang='lat' dir='ltr'>fflsfi,</span> <span class='ocrx_word' id='word_1_81' title='bbox 371 2005 542 2087; x_wconf 88' lang='lat' dir='ltr'>amputato</span> <span class='ocrx_word' id='word_1_82' title='bbox 564 2023 631 2067; x_wconf 92' lang='lat' dir='ltr'>uno</span> <span class='ocrx_word' id='word_1_83' title='bbox 654 2000 768 2088; x_wconf 86' lang='lat' dir='ltr'>capite,</span> <span class='ocrx_word' id='word_1_84' title='bbox 792 2022 883 2066; x_wconf 89' lang='lat' dir='ltr'>more</span> <span class='ocrx_word' id='word_1_85' title='bbox 904 2000 1014 2078; x_wconf 86' lang='lat' dir='ltr'>Ydrae,</span> <span class='ocrx_word' id='word_1_86' title='bbox 1038 2021 1137 2085; x_wconf 88' lang='lat' dir='ltr'>quam</span> <span class='ocrx_word' id='word_1_87' title='bbox 1160 1997 1320 2064; x_wconf 83' lang='lat' dir='ltr'>Hercules</span> <span class='ocrx_word' id='word_1_88' title='bbox 1342 1995 1424 2062; x_wconf 90' lang='lat' dir='ltr'>coci·</span> 
     </span>
     <span class='ocr_line' id='line_1_13' title="bbox 206 2100 1422 2188; baseline -0.002 -24"><span class='ocrx_word' id='word_1_89' title='bbox 206 2112 356 2165; x_wconf 79' lang='lat' dir='ltr'>characters</span> <span class='ocrx_word' id='word_1_90' title='bbox 371 2103 457 2167; x_wconf 84' lang='lat' dir='ltr'>disse</span> <span class='ocrx_word' id='word_1_91' title='bbox 483 2102 614 2180; x_wconf 91' lang='lat' dir='ltr'>dicitur,</span> <span class='ocrx_word' id='word_1_92' title='bbox 640 2103 749 2167; x_wconf 85' lang='lat' dir='ltr'>multa</span> <span class='ocrx_word' id='word_1_93' title='bbox 774 2101 884 2188; x_wconf 89' lang='lat' dir='ltr'>capita</span> <span class='ocrx_word' id='word_1_94' title='bbox 913 2106 1153 2168; x_wconf 89' lang='lat' dir='ltr'>succreverunt.</span> <span class='ocrx_word' id='word_1_95' title='bbox 1199 2100 1281 2165; x_wconf 88' lang='lat' dir='ltr'>Erat</span> <span class='ocrx_word' id='word_1_96' title='bbox 1310 2102 1422 2164; x_wconf 89' lang='lat' dir='ltr'>autem</span> 
     </span>
     <span class='ocr_line' id='line_1_14' title="bbox 204 2180 1422 2296; baseline -0.002 -27"><span class='ocrx_word' id='word_1_97' title='bbox 204 2180 345 2296; x_wconf 52' lang='lat' dir='ltr'>ffiffd</span> <span class='ocrx_word' id='word_1_98' title='bbox 373 2204 551 2282; x_wconf 83' lang='lat' dir='ltr'>Conradus,</span> <span class='ocrx_word' id='word_1_99' title='bbox 583 2205 662 2290; x_wconf 90' lang='lat' dir='ltr'>quia</span> <span class='ocrx_word' id='word_1_100' title='bbox 695 2204 782 2269; x_wconf 88' lang='lat' dir='ltr'>filius</span> <span class='ocrx_word' id='word_1_101' title='bbox 815 2205 879 2269; x_wconf 88' lang='lat' dir='ltr'>fuit</span> <span class='ocrx_word' id='word_1_102' title='bbox 916 2204 994 2270; x_wconf 86' lang='lat' dir='ltr'>filiae</span> <span class='ocrx_word' id='word_1_103' title='bbox 1025 2204 1112 2290; x_wconf 84' lang='lat' dir='ltr'>regis</span> <span class='ocrx_word' id='word_1_104' title='bbox 1141 2202 1332 2280; x_wconf 81' lang='lat' dir='ltr'>Jerusalem,</span> <span class='ocrx_word' id='word_1_105' title='bbox 1363 2200 1422 2266; x_wconf 87' lang='lat' dir='ltr'>Jo-</span> 
     </span>
     <span class='ocr_line' id='line_1_15' title="bbox 205 2263 1424 2391; baseline 0.005 -30"><span class='ocrx_word' id='word_1_106' title='bbox 205 2263 491 2370; x_wconf 61' lang='lat' dir='ltr'>soneortllihannis</span> <span class='ocrx_word' id='word_1_107' title='bbox 526 2305 567 2370; x_wconf 91' lang='lat' dir='ltr'>de</span> <span class='ocrx_word' id='word_1_108' title='bbox 602 2305 733 2382; x_wconf 87' lang='lat' dir='ltr'>Bresne,</span> <span class='ocrx_word' id='word_1_109' title='bbox 766 2305 883 2370; x_wconf 87' lang='lat' dir='ltr'>militis</span> <span class='ocrx_word' id='word_1_110' title='bbox 916 2305 1134 2383; x_wconf 69' lang='lat' dir='ltr'>invictissimi,</span> <span class='ocrx_word' id='word_1_111' title='bbox 1169 2309 1203 2370; x_wconf 92' lang='lat' dir='ltr'>et</span> <span class='ocrx_word' id='word_1_112' title='bbox 1234 2304 1304 2391; x_wconf 89' lang='lat' dir='ltr'>ipse</span> <span class='ocrx_word' id='word_1_113' title='bbox 1338 2302 1424 2368; x_wconf 90' lang='lat' dir='ltr'>Con-</span> 
     </span>
     <span class='ocr_line' id='line_1_16' title="bbox 206 2392 1424 2493; baseline -0.003 -20"><span class='ocrx_word' id='word_1_114' title='bbox 206 2392 325 2443; x_wconf 77' lang='lat' dir='ltr'>emperor.</span> <span class='ocrx_word' id='word_1_115' title='bbox 372 2406 497 2473; x_wconf 74' lang='lat' dir='ltr'>radus⁹</span> <span class='ocrx_word' id='word_1_116' title='bbox 519 2407 613 2472; x_wconf 90' lang='lat' dir='ltr'>miles</span> <span class='ocrx_word' id='word_1_117' title='bbox 643 2407 896 2484; x_wconf 89' lang='lat' dir='ltr'>strenuissimus,</span> <span class='ocrx_word' id='word_1_118' title='bbox 927 2407 1080 2472; x_wconf 92' lang='lat' dir='ltr'>omnibus</span> <span class='ocrx_word' id='word_1_119' title='bbox 1117 2407 1159 2472; x_wconf 90' lang='lat' dir='ltr'>de</span> <span class='ocrx_word' id='word_1_120' title='bbox 1187 2406 1323 2493; x_wconf 90' lang='lat' dir='ltr'>imperio</span> <span class='ocrx_word' id='word_1_121' title='bbox 1359 2404 1424 2470; x_wconf 86' lang='lat' dir='ltr'>for-</span> 
     </span>
    </p>

    <p class='ocr_par' dir='ltr' id='par_1_6' title="bbox 372 2504 1424 2595">
     <span class='ocr_line' id='line_1_17' title="bbox 372 2504 1424 2595; baseline -0.002 -22"><span class='ocrx_word' id='word_1_122' title='bbox 372 2508 546 2574; x_wconf 85' lang='lat' dir='ltr'>midabilis.</span> <span class='ocrx_word' id='word_1_123' title='bbox 600 2509 646 2574; x_wconf 86' lang='lat' dir='ltr'>Et</span> <span class='ocrx_word' id='word_1_124' title='bbox 679 2509 853 2590; x_wconf 88' lang='lat' dir='ltr'>Henricus,</span> <span class='ocrx_word' id='word_1_125' title='bbox 882 2509 985 2574; x_wconf 88' lang='lat' dir='ltr'>frater</span> <span class='ocrx_word' id='word_1_126' title='bbox 1011 2508 1104 2595; x_wconf 75' lang='lat' dir='ltr'>ejus,³</span> <span class='ocrx_word' id='word_1_127' title='bbox 1134 2508 1212 2594; x_wconf 88' lang='lat' dir='ltr'>quia</span> <span class='ocrx_word' id='word_1_128' title='bbox 1242 2507 1330 2572; x_wconf 90' lang='lat' dir='ltr'>filius</span> <span class='ocrx_word' id='word_1_129' title='bbox 1358 2504 1424 2572; x_wconf 88' lang='lat' dir='ltr'>fnit</span> 
     </span>
    </p>

    <p class='ocr_par' dir='ltr' id='par_1_7' title="bbox 373 2609 1424 2697">
     <span class='ocr_line' id='line_1_18' title="bbox 373 2609 1424 2697; baseline 0 -24"><span class='ocrx_word' id='word_1_130' title='bbox 373 2609 612 2697; x_wconf 84' lang='lat' dir='ltr'>imperatricis⁴</span> <span class='ocrx_word' id='word_1_131' title='bbox 649 2610 821 2690; x_wconf 87' lang='lat' dir='ltr'>Ysabellae‚</span> <span class='ocrx_word' id='word_1_132' title='bbox 854 2610 1006 2676; x_wconf 89' lang='lat' dir='ltr'>omnibus</span> <span class='ocrx_word' id='word_1_133' title='bbox 1044 2610 1205 2687; x_wconf 88' lang='lat' dir='ltr'>amabilis,</span> <span class='ocrx_word' id='word_1_134' title='bbox 1245 2614 1280 2674; x_wconf 93' lang='lat' dir='ltr'>et</span> <span class='ocrx_word' id='word_1_135' title='bbox 1323 2629 1424 2694; x_wconf 86' lang='lat' dir='ltr'>nepos</span> 
     </span>
    </p>
   </div>
   <div class='ocr_carea' id='block_1_6' title="bbox 375 2711 1424 2799">
    <p class='ocr_par' dir='ltr' id='par_1_8' title="bbox 375 2711 1424 2799">
     <span class='ocr_line' id='line_1_19' title="bbox 375 2711 1424 2799; baseline -0.004 -20"><span class='ocrx_word' id='word_1_136' title='bbox 375 2712 648 2779; x_wconf 83' lang='lat' dir='ltr'>Christianissimi</span> <span class='ocrx_word' id='word_1_137' title='bbox 670 2713 757 2799; x_wconf 87' lang='lat' dir='ltr'>regis</span> <span class='ocrx_word' id='word_1_138' title='bbox 772 2712 912 2799; x_wconf 86' lang='lat' dir='ltr'>Angliae,</span> <span class='ocrx_word' id='word_1_139' title='bbox 933 2713 1097 2779; x_wconf 88' lang='lat' dir='ltr'>universis</span> <span class='ocrx_word' id='word_1_140' title='bbox 1119 2711 1345 2799; x_wconf 83' lang='lat' dir='ltr'>imperialibus</span> <span class='ocrx_word' id='word_1_141' title='bbox 1366 2732 1424 2776; x_wconf 86' lang='lat' dir='ltr'>ex·</span> 
     </span>
    </p>
   </div>
   <div class='ocr_carea' id='block_1_7' title="bbox 206 2809 1426 3410">
    <p class='ocr_par' dir='ltr' id='par_1_9' title="bbox 206 2809 1426 3410">
     <span class='ocr_line' id='line_1_20' title="bbox 374 2809 1425 2901; baseline -0.002 -22"><span class='ocrx_word' id='word_1_142' title='bbox 374 2815 448 2879; x_wconf 89' lang='lat' dir='ltr'>titit</span> <span class='ocrx_word' id='word_1_143' title='bbox 465 2813 675 2879; x_wconf 82' lang='lat' dir='ltr'>&#39;carissimus</span> <span class='ocrx_word' id='word_1_144' title='bbox 730 2814 812 2879; x_wconf 89' lang='lat' dir='ltr'>Erat</span> <span class='ocrx_word' id='word_1_145' title='bbox 850 2814 984 2901; x_wconf 90' lang='lat' dir='ltr'>insuper</span> <span class='ocrx_word' id='word_1_146' title='bbox 1020 2819 1161 2900; x_wconf 89' lang='lat' dir='ltr'>uterque</span> <span class='ocrx_word' id='word_1_147' title='bbox 1199 2813 1329 2900; x_wconf 86' lang='lat' dir='ltr'>elegans</span> <span class='ocrx_word' id='word_1_148' title='bbox 1367 2809 1425 2878; x_wconf 90' lang='lat' dir='ltr'>et⁶</span> 
     </span>
     <span class='ocr_line' id='line_1_21' title="bbox 374 2914 1425 3003; baseline 0 -23"><span class='ocrx_word' id='word_1_149' title='bbox 374 2916 543 3003; x_wconf 90' lang='lat' dir='ltr'>speciosus.</span> <span class='ocrx_word' id='word_1_150' title='bbox 591 2916 756 2981; x_wconf 89' lang='lat' dir='ltr'>Henricus</span> <span class='ocrx_word' id='word_1_151' title='bbox 778 2921 899 2996; x_wconf 89' lang='lat' dir='ltr'>autem,</span> <span class='ocrx_word' id='word_1_152' title='bbox 923 2917 1104 2982; x_wconf 87' lang='lat' dir='ltr'>secundum</span> <span class='ocrx_word' id='word_1_153' title='bbox 1133 2939 1201 2983; x_wconf 87' lang='lat' dir='ltr'>suae</span> <span class='ocrx_word' id='word_1_154' title='bbox 1223 2916 1334 2982; x_wconf 86' lang='lat' dir='ltr'>aetatis</span> <span class='ocrx_word' id='word_1_155' title='bbox 1355 2914 1425 2981; x_wconf 89' lang='lat' dir='ltr'>exi·</span> 
     </span>
     <span class='ocr_line' id='line_1_22' title="bbox 374 3017 1424 3105; baseline 0 -23"><span class='ocrx_word' id='word_1_156' title='bbox 374 3018 531 3105; x_wconf 88' lang='lat' dir='ltr'>gentiam,</span> <span class='ocrx_word' id='word_1_157' title='bbox 554 3017 699 3104; x_wconf 89' lang='lat' dir='ltr'>prudens</span> <span class='ocrx_word' id='word_1_158' title='bbox 720 3022 755 3084; x_wconf 88' lang='lat' dir='ltr'>et</span> <span class='ocrx_word' id='word_1_159' title='bbox 777 3018 893 3098; x_wconf 88' lang='lat' dir='ltr'>civilis,</span> <span class='ocrx_word' id='word_1_160' title='bbox 910 3023 944 3084; x_wconf 90' lang='lat' dir='ltr'>et</span> <span class='ocrx_word' id='word_1_161' title='bbox 967 3019 1131 3084; x_wconf 90' lang='lat' dir='ltr'>nobilium</span> <span class='ocrx_word' id='word_1_162' title='bbox 1153 3022 1282 3084; x_wconf 87' lang='lat' dir='ltr'>amator</span> <span class='ocrx_word' id='word_1_163' title='bbox 1303 3017 1424 3104; x_wconf 68' lang='lat' dir='ltr'>specis</span> 
     </span>
     <span class='ocr_line' id='line_1_23' title="bbox 373 3118 1425 3207; baseline 0 -24"><span class='ocrx_word' id='word_1_164' title='bbox 373 3120 414 3183; x_wconf 91' lang='lat' dir='ltr'>lis</span> <span class='ocrx_word' id='word_1_165' title='bbox 429 3118 461 3199; x_wconf 78' lang='lat'>;⁰</span> <span class='ocrx_word' id='word_1_166' title='bbox 491 3119 579 3185; x_wconf 90' lang='lat' dir='ltr'>unde</span> <span class='ocrx_word' id='word_1_167' title='bbox 612 3119 752 3198; x_wconf 88' lang='lat' dir='ltr'>ecclesia,</span> <span class='ocrx_word' id='word_1_168' title='bbox 784 3120 1013 3207; x_wconf 88' lang='lat' dir='ltr'>multiplicatis</span> <span class='ocrx_word' id='word_1_169' title='bbox 1050 3119 1322 3207; x_wconf 88' lang='lat' dir='ltr'>persecutoribus,</span> <span class='ocrx_word' id='word_1_170' title='bbox 1357 3140 1425 3184; x_wconf 88' lang='lat' dir='ltr'>non</span> 
     </span>
     <span class='ocr_line' id='line_1_24' title="bbox 372 3220 1424 3309; baseline 0 -23"><span class='ocrx_word' id='word_1_171' title='bbox 372 3221 581 3291; x_wconf 86' lang='lat' dir='ltr'>mediocriter</span> <span class='ocrx_word' id='word_1_172' title='bbox 617 3222 874 3308; x_wconf 82' lang='lat' dir='ltr'>periclitabatur,</span> <span class='ocrx_word' id='word_1_173' title='bbox 912 3223 1056 3309; x_wconf 89' lang='lat' dir='ltr'>dampna</span> <span class='ocrx_word' id='word_1_174' title='bbox 1094 3221 1311 3288; x_wconf 86' lang='lat' dir='ltr'>multiformia</span> <span class='ocrx_word' id='word_1_175' title='bbox 1342 3220 1424 3287; x_wconf 88' lang='lat' dir='ltr'>tole·</span> 
     </span>
     <span class='ocr_line' id='line_1_25' title="bbox 206 3323 1426 3410; baseline 0.007 -30"><span class='ocrx_word' id='word_1_176' title='bbox 206 3329 349 3382; x_wconf 71' lang='lat' dir='ltr'>menceus</span> <span class='ocrx_word' id='word_1_177' title='bbox 372 3323 484 3392; x_wconf 90' lang='lat' dir='ltr'>rando.</span> <span class='ocrx_word' id='word_1_178' title='bbox 530 3324 676 3410; x_wconf 86' lang='lat' dir='ltr'>Eratque</span> <span class='ocrx_word' id='word_1_179' title='bbox 697 3325 942 3409; x_wconf 87' lang='lat' dir='ltr'>praeteritorum</span> <span class='ocrx_word' id='word_1_180' title='bbox 964 3323 1222 3391; x_wconf 84' lang='lat' dir='ltr'>infortuniorum</span> <span class='ocrx_word' id='word_1_181' title='bbox 1243 3323 1426 3390; x_wconf 86' lang='lat' dir='ltr'>recordatio</span> 
     </span>
    </p>
   </div>
   <div class='ocr_carea' id='block_1_8' title="bbox 207 3397 1424 3530">
    <p class='ocr_par' dir='ltr' id='par_1_10' title="bbox 207 3397 1424 3530">
     <span class='ocr_line' id='line_1_26' title="bbox 207 3397 1424 3530; baseline -0.011 -38"><span class='ocrx_word' id='word_1_182' title='bbox 207 3397 343 3530; x_wconf 48' lang='grc' dir='ltr'>ἕξιῗξζζ</span> <span class='ocrx_word' id='word_1_183' title='bbox 372 3425 467 3510; x_wconf 89' lang='lat' dir='ltr'>quasi</span> <span class='ocrx_word' id='word_1_184' title='bbox 499 3425 594 3511; x_wconf 89' lang='lat' dir='ltr'>spina</span> <span class='ocrx_word' id='word_1_185' title='bbox 623 3426 660 3489; x_wconf 89' lang='lat' dir='ltr'>in</span> <span class='ocrx_word' id='word_1_186' title='bbox 693 3426 797 3506; x_wconf 91' lang='lat' dir='ltr'>oculo,</span> <span class='ocrx_word' id='word_1_187' title='bbox 822 3424 975 3490; x_wconf 89' lang='lat' dir='ltr'>omnibus</span> <span class='ocrx_word' id='word_1_188' title='bbox 1007 3448 1102 3512; x_wconf 82' lang='lat' dir='ltr'>papae</span> <span class='ocrx_word' id='word_1_189' title='bbox 1136 3424 1424 3491; x_wconf 56' lang='lat' dir='ltr'>consentientibus</span> 
     </span>
    </p>
   </div>
   <div class='ocr_carea' id='block_1_9' title="bbox 206 3525 1425 3725">
    <p class='ocr_par' dir='ltr' id='par_1_11' title="bbox 206 3525 1425 3725">
     <span class='ocr_line' id='line_1_27' title="bbox 206 3525 1422 3614; baseline 0.002 -26"><span class='ocrx_word' id='word_1_190' title='bbox 206 3529 360 3606; x_wconf 71' lang='lat' dir='ltr'>ipneelec-</span> <span class='ocrx_word' id='word_1_191' title='bbox 374 3525 539 3591; x_wconf 91' lang='lat' dir='ltr'>Henricus</span> <span class='ocrx_word' id='word_1_192' title='bbox 573 3526 662 3592; x_wconf 89' lang='lat' dir='ltr'>enim</span> <span class='ocrx_word' id='word_1_193' title='bbox 694 3528 812 3614; x_wconf 88' lang='lat' dir='ltr'>Raspe,</span> <span class='ocrx_word' id='word_1_194' title='bbox 845 3527 1079 3614; x_wconf 86' lang='lat' dir='ltr'>Andegravius</span> <span class='ocrx_word' id='word_1_195' title='bbox 1113 3528 1294 3614; x_wconf 86' lang='lat' dir='ltr'>Duringiae,</span> <span class='ocrx_word' id='word_1_196' title='bbox 1326 3548 1422 3613; x_wconf 89' lang='lat' dir='ltr'>quern</span> 
     </span>
     <span class='ocr_line' id='line_1_28' title="bbox 206 3595 1425 3725; baseline 0.004 -35"><span class='ocrx_word' id='word_1_197' title='bbox 206 3595 341 3725; x_wconf 45' lang='lat'>3232?</span> <span class='ocrx_word' id='word_1_198' title='bbox 374 3651 460 3716; x_wconf 89' lang='lat' dir='ltr'>papa</span> <span class='ocrx_word' id='word_1_199' title='bbox 489 3634 703 3716; x_wconf 85' lang='lat' dir='ltr'>proposuerat</span> <span class='ocrx_word' id='word_1_200' title='bbox 739 3630 777 3694; x_wconf 92' lang='lat' dir='ltr'>in</span> <span class='ocrx_word' id='word_1_201' title='bbox 814 3629 1047 3716; x_wconf 82' lang='lat' dir='ltr'>imperatorem</span> <span class='ocrx_word' id='word_1_202' title='bbox 1084 3629 1260 3707; x_wconf 89' lang='lat' dir='ltr'>sullimare,</span> <span class='ocrx_word' id='word_1_203' title='bbox 1293 3633 1328 3695; x_wconf 89' lang='lat' dir='ltr'>et</span> <span class='ocrx_word' id='word_1_204' title='bbox 1365 3649 1425 3714; x_wconf 89' lang='lat' dir='ltr'>pro</span> 
     </span>
    </p>
   </div>
   <div class='ocr_carea' id='block_1_10' title="bbox 373 3729 1426 3919">
    <p class='ocr_par' dir='ltr' id='par_1_12' title="bbox 373 3729 1426 3919">
     <span class='ocr_line' id='line_1_29' title="bbox 374 3729 1426 3817; baseline 0 -22"><span class='ocrx_word' id='word_1_205' title='bbox 374 3729 468 3816; x_wconf 91' lang='lat' dir='ltr'>cujus</span> <span class='ocrx_word' id='word_1_206' title='bbox 501 3730 705 3816; x_wconf 83' lang='lat' dir='ltr'>promotione</span> <span class='ocrx_word' id='word_1_207' title='bbox 736 3730 904 3796; x_wconf 88' lang='lat' dir='ltr'>infinitam</span> <span class='ocrx_word' id='word_1_208' title='bbox 927 3731 1088 3796; x_wconf 87' lang='lat' dir='ltr'>effuderat</span> <span class='ocrx_word' id='word_1_209' title='bbox 1118 3731 1299 3817; x_wconf 90' lang='lat' dir='ltr'>pecuniam,</span> <span class='ocrx_word' id='word_1_210' title='bbox 1325 3730 1426 3816; x_wconf 88' lang='lat' dir='ltr'>periit</span> 
     </span>
     <span class='ocr_line' id='line_1_30' title="bbox 373 3831 1425 3919; baseline 0.002 -23"><span class='ocrx_word' id='word_1_211' title='bbox 373 3832 411 3896; x_wconf 93' lang='lat' dir='ltr'>in</span> <span class='ocrx_word' id='word_1_212' title='bbox 433 3836 572 3898; x_wconf 90' lang='lat' dir='ltr'>mortem</span> <span class='ocrx_word' id='word_1_213' title='bbox 603 3831 838 3918; x_wconf 83' lang='lat' dir='ltr'>praecipitatus.</span> <span class='ocrx_word' id='word_1_214' title='bbox 885 3832 966 3899; x_wconf 92' lang='lat' dir='ltr'>Post</span> <span class='ocrx_word' id='word_1_215' title='bbox 999 3837 1139 3899; x_wconf 90' lang='lat' dir='ltr'>mortem</span> <span class='ocrx_word' id='word_1_216' title='bbox 1162 3832 1264 3919; x_wconf 89' lang='lat' dir='ltr'>cujus,</span> <span class='ocrx_word' id='word_1_217' title='bbox 1287 3832 1324 3897; x_wconf 92' lang='lat' dir='ltr'>in</span> <span class='ocrx_word' id='word_1_218' title='bbox 1352 3832 1425 3898; x_wconf 91' lang='lat' dir='ltr'>loco</span> 
     </span>
    </p>
   </div>
   <div class='ocr_carea' id='block_1_11' title="bbox 376 4123 1427 4747">
    <p class='ocr_par' dir='ltr' id='par_1_13' title="bbox 411 4123 1426 4194">
     <span class='ocr_line' id='line_1_31' title="bbox 411 4123 1426 4194; baseline 0.003 -19"><span class='ocrx_word' id='word_1_219' title='bbox 411 4125 417 4156; x_wconf 93' lang='lat'><strong>¹</strong></span> <span class='ocrx_word' id='word_1_220' title='bbox 435 4123 560 4190; x_wconf 79' lang='lat' dir='ltr'>Henrico]</span> <span class='ocrx_word' id='word_1_221' title='bbox 579 4124 686 4187; x_wconf 83' lang='lat' dir='ltr'>Henrio,</span> <span class='ocrx_word' id='word_1_222' title='bbox 697 4125 754 4178; x_wconf 87' lang='lat' dir='ltr'>MS.</span> <span class='ocrx_word' id='word_1_223' title='bbox 957 4127 1109 4177; x_wconf 69' lang='grc' dir='ltr'>6Ηετυίὀιιε</span> <span class='ocrx_word' id='word_1_224' title='bbox 1126 4163 1133 4178; x_wconf 95' lang='grc'><strong>.</strong></span> <span class='ocrx_word' id='word_1_225' title='bbox 1153 4164 1181 4178; x_wconf 93' lang='grc'>..</span> <span class='ocrx_word' id='word_1_226' title='bbox 1198 4127 1327 4194; x_wconf 75' lang='lat' dir='ltr'>specialis]</span> <span class='ocrx_word' id='word_1_227' title='bbox 1346 4126 1426 4178; x_wconf 84' lang='lat' dir='ltr'>Writ-</span> 
     </span>
    </p>

    <p class='ocr_par' dir='ltr' id='par_1_14' title="bbox 376 4205 1426 4352">
     <span class='ocr_line' id='line_1_32' title="bbox 408 4205 1426 4272; baseline 0 -15"><span class='ocrx_word' id='word_1_228' title='bbox 408 4205 419 4238; x_wconf 69' lang='lat'>2</span> <span class='ocrx_word' id='word_1_229' title='bbox 433 4205 575 4272; x_wconf 75' lang='lat' dir='ltr'>Corradus]</span> <span class='ocrx_word' id='word_1_230' title='bbox 596 4205 767 4270; x_wconf 86' lang='lat' dir='ltr'>Superfluous,</span> <span class='ocrx_word' id='word_1_231' title='bbox 784 4208 831 4259; x_wconf 86' lang='lat' dir='ltr'>but</span> <span class='ocrx_word' id='word_1_232' title='bbox 848 4225 877 4259; x_wconf 87' lang='lat' dir='ltr'>so</span> <span class='ocrx_word' id='word_1_233' title='bbox 923 4215 965 4257; x_wconf 84' lang='lat' dir='ltr'>ten</span> <span class='ocrx_word' id='word_1_234' title='bbox 976 4223 1009 4257; x_wconf 91' lang='lat' dir='ltr'>on</span> <span class='ocrx_word' id='word_1_235' title='bbox 1022 4222 1037 4256; x_wconf 87' lang='lat' dir='ltr'>a</span> <span class='ocrx_word' id='word_1_236' title='bbox 1048 4207 1118 4271; x_wconf 86' lang='lat' dir='ltr'>piece</span> <span class='ocrx_word' id='word_1_237' title='bbox 1126 4207 1156 4256; x_wconf 83' lang='lat' dir='ltr'>of</span> <span class='ocrx_word' id='word_1_238' title='bbox 1163 4208 1258 4257; x_wconf 81' lang='lat' dir='ltr'>vellum</span> <span class='ocrx_word' id='word_1_239' title='bbox 1269 4209 1426 4272; x_wconf 81' lang='lat' dir='ltr'>pastedorer</span> 
     </span>
     <span class='ocr_line' id='line_1_33' title="bbox 376 4285 1424 4352; baseline 0.003 -18"><span class='ocrx_word' id='word_1_240' title='bbox 376 4285 430 4335; x_wconf 86' lang='lat' dir='ltr'>also</span> <span class='ocrx_word' id='word_1_241' title='bbox 441 4285 467 4334; x_wconf 90' lang='lat' dir='ltr'>in</span> <span class='ocrx_word' id='word_1_242' title='bbox 478 4286 509 4335; x_wconf 92' lang='lat' dir='ltr'>B.</span> <span class='ocrx_word' id='word_1_243' title='bbox 923 4287 965 4338; x_wconf 78' lang='lat' dir='ltr'>the</span> <span class='ocrx_word' id='word_1_244' title='bbox 984 4286 1094 4351; x_wconf 83' lang='lat' dir='ltr'>original</span> <span class='ocrx_word' id='word_1_245' title='bbox 1111 4293 1174 4347; x_wconf 83' lang='lat' dir='ltr'>text,</span> <span class='ocrx_word' id='word_1_246' title='bbox 1192 4286 1310 4352; x_wconf 80' lang='lat' dir='ltr'>partially</span> <span class='ocrx_word' id='word_1_247' title='bbox 1328 4287 1424 4347; x_wconf 81' lang='lat' dir='ltr'>erased,</span> 
     </span>
    </p>

    <p class='ocr_par' dir='ltr' id='par_1_15' title="bbox 409 4362 1427 4429">
     <span class='ocr_line' id='line_1_34' title="bbox 409 4362 1427 4429; baseline 0.001 -17"><span class='ocrx_word' id='word_1_248' title='bbox 409 4362 420 4393; x_wconf 78' lang='lat'><strong>³</strong></span> <span class='ocrx_word' id='word_1_249' title='bbox 429 4365 518 4427; x_wconf 84' lang='lat' dir='ltr'>sralcr</span> <span class='ocrx_word' id='word_1_250' title='bbox 528 4364 595 4429; x_wconf 57' lang='lat' dir='ltr'>pras]</span> <span class='ocrx_word' id='word_1_251' title='bbox 615 4364 658 4416; x_wconf 91' lang='lat' dir='ltr'>On</span> <span class='ocrx_word' id='word_1_252' title='bbox 668 4379 701 4414; x_wconf 82' lang='lat' dir='ltr'>nn</span> <span class='ocrx_word' id='word_1_253' title='bbox 712 4379 820 4415; x_wconf 86' lang='lat' dir='ltr'>erasure.</span> <span class='ocrx_word' id='word_1_254' title='bbox 924 4364 1007 4414; x_wconf 84' lang='lat' dir='ltr'>which</span> <span class='ocrx_word' id='word_1_255' title='bbox 1028 4365 1107 4425; x_wconf 81' lang='lat' dir='ltr'>reads,</span> <span class='ocrx_word' id='word_1_256' title='bbox 1125 4362 1201 4429; x_wconf 81' lang='lat' dir='ltr'>Papo</span> <span class='ocrx_word' id='word_1_257' title='bbox 1212 4381 1277 4424; x_wconf 84' lang='lat' dir='ltr'>vcro,</span> <span class='ocrx_word' id='word_1_258' title='bbox 1292 4372 1341 4413; x_wconf 82' lang='lat' dir='ltr'>tum</span> <span class='ocrx_word' id='word_1_259' title='bbox 1348 4380 1427 4429; x_wconf 82' lang='lat' dir='ltr'>prop·</span> 
     </span>
    </p>

    <p class='ocr_par' dir='ltr' id='par_1_16' title="bbox 409 4440 1425 4508">
     <span class='ocr_line' id='line_1_35' title="bbox 409 4440 1425 4508; baseline 0.004 -21"><span class='ocrx_word' id='word_1_260' title='bbox 409 4440 613 4507; x_wconf 79' lang='lat' dir='ltr'>⁴imperalricia]</span> <span class='ocrx_word' id='word_1_261' title='bbox 625 4445 809 4507; x_wconf 83' lang='lat' dir='ltr'>ymperatrlcis,</span> <span class='ocrx_word' id='word_1_262' title='bbox 821 4444 876 4494; x_wconf 83' lang='lat' dir='ltr'>MS.</span> <span class='ocrx_word' id='word_1_263' title='bbox 924 4451 962 4492; x_wconf 79' lang='lat' dir='ltr'>ter</span> <span class='ocrx_word' id='word_1_264' title='bbox 983 4445 1060 4493; x_wconf 80' lang='lat' dir='ltr'>curr&#39;ae</span> <span class='ocrx_word' id='word_1_265' title='bbox 1087 4444 1187 4508; x_wconf 62' lang='lat' dir='ltr'>eaoeff)</span> <span class='ocrx_word' id='word_1_266' title='bbox 1215 4445 1354 4503; x_wconf 63' lang='lat' dir='ltr'>cruditam,</span> <span class='ocrx_word' id='word_1_267' title='bbox 1377 4449 1425 4491; x_wconf 73' lang='lat' dir='ltr'>lam</span> 
     </span>
    </p>

    <p class='ocr_par' dir='ltr' id='par_1_17' title="bbox 378 4517 1427 4747">
     <span class='ocr_line' id='line_1_36' title="bbox 410 4517 1427 4588; baseline 0.004 -22"><span class='ocrx_word' id='word_1_268' title='bbox 410 4517 421 4548; x_wconf 78' lang='lat'><strong>⁶</strong></span> <span class='ocrx_word' id='word_1_269' title='bbox 438 4517 533 4583; x_wconf 75' lang='lat' dir='ltr'>clepone</span> <span class='ocrx_word' id='word_1_270' title='bbox 544 4521 581 4584; x_wconf 79' lang='lat' dir='ltr'>cl]</span> <span class='ocrx_word' id='word_1_271' title='bbox 595 4523 672 4572; x_wconf 82' lang='lat' dir='ltr'>Alter</span> <span class='ocrx_word' id='word_1_272' title='bbox 682 4523 734 4573; x_wconf 85' lang='lat' dir='ltr'>this</span> <span class='ocrx_word' id='word_1_273' title='bbox 746 4525 816 4573; x_wconf 82' lang='lat' dir='ltr'>word</span> <span class='ocrx_word' id='word_1_274' title='bbox 826 4539 878 4573; x_wconf 82' lang='lat' dir='ltr'>was</span> <span class='ocrx_word' id='word_1_275' title='bbox 920 4526 1071 4588; x_wconf 72' lang='lat' dir='ltr'>proptereat·</span> <span class='ocrx_word' id='word_1_276' title='bbox 1078 4522 1329 4588; x_wconf 68' lang='lat' dir='ltr'>pencrisauiditotem,</span> <span class='ocrx_word' id='word_1_277' title='bbox 1338 4537 1427 4571; x_wconf 70' lang='lat' dir='ltr'>escaus</span> 
     </span>
     <span class='ocr_line' id='line_1_37' title="bbox 378 4596 1426 4665; baseline 0.006 -20"><span class='ocrx_word' id='word_1_278' title='bbox 378 4597 459 4646; x_wconf 85' lang='lat' dir='ltr'>added</span> <span class='ocrx_word' id='word_1_279' title='bbox 469 4596 497 4644; x_wconf 86' lang='lat' dir='ltr'>ln</span> <span class='ocrx_word' id='word_1_280' title='bbox 508 4597 551 4647; x_wconf 85' lang='lat' dir='ltr'>the</span> <span class='ocrx_word' id='word_1_281' title='bbox 564 4600 670 4662; x_wconf 79' lang='lat' dir='ltr'>margin,</span> <span class='ocrx_word' id='word_1_282' title='bbox 681 4618 730 4665; x_wconf 85' lang='lat' dir='ltr'>pro</span> <span class='ocrx_word' id='word_1_283' title='bbox 740 4617 787 4650; x_wconf 80' lang='lat' dir='ltr'>sua</span> <span class='ocrx_word' id='word_1_284' title='bbox 799 4610 878 4663; x_wconf 72' lang='lat' dir='ltr'>ctare,</span> <span class='ocrx_word' id='word_1_285' title='bbox 924 4601 1032 4650; x_wconf 77' lang='lat' dir='ltr'>omnibus</span> <span class='ocrx_word' id='word_1_286' title='bbox 1050 4600 1194 4660; x_wconf 74' lang='lat' dir='ltr'>tacebatur,</span> <span class='ocrx_word' id='word_1_287' title='bbox 1206 4601 1293 4665; x_wconf 84' lang='lat' dir='ltr'>nearly</span> <span class='ocrx_word' id='word_1_288' title='bbox 1301 4615 1329 4651; x_wconf 88' lang='lat' dir='ltr'>ss</span> <span class='ocrx_word' id='word_1_289' title='bbox 1348 4600 1376 4648; x_wconf 92' lang='lat' dir='ltr'>in</span> <span class='ocrx_word' id='word_1_290' title='bbox 1393 4598 1426 4651; x_wconf 88' lang='grc' dir='ltr'>Β.</span> 
     </span>
     <span class='ocr_line' id='line_1_38' title="bbox 378 4675 1192 4747; baseline 0.01 -23"><span class='ocrx_word' id='word_1_291' title='bbox 378 4675 422 4725; x_wconf 77' lang='lat' dir='ltr'>but</span> <span class='ocrx_word' id='word_1_292' title='bbox 434 4675 578 4727; x_wconf 77' lang='lat' dir='ltr'>afterwards</span> <span class='ocrx_word' id='word_1_293' title='bbox 589 4680 684 4729; x_wconf 83' lang='lat' dir='ltr'>erased.</span> <span class='ocrx_word' id='word_1_294' title='bbox 925 4682 976 4743; x_wconf 89' lang='lat' dir='ltr'>(ed.</span> <span class='ocrx_word' id='word_1_295' title='bbox 989 4681 1071 4744; x_wconf 70' lang='lat' dir='ltr'>aaa,</span> <span class='ocrx_word' id='word_1_296' title='bbox 1082 4696 1107 4745; x_wconf 88' lang='lat' dir='ltr'>p.</span> <span class='ocrx_word' id='word_1_297' title='bbox 1121 4684 1192 4747; x_wconf 81' lang='lat'>807).</span> 
     </span>
    </p>
   </div>
   <div class='ocr_carea' id='block_1_12' title="bbox 0 0 1655 5610">
    <p class='ocr_par' dir='ltr' id='par_1_18' title="bbox 0 0 1655 5610">
     <span class='ocr_line' id='line_1_39' title="bbox 0 0 1655 5610; baseline 0 0"><span class='ocrx_word' id='word_1_298' title='bbox 0 0 1655 5610; x_wconf 95' lang='lat' dir='ltr'> </span> 
     </span>
    </p>
   </div>
   <div class='ocr_carea' id='block_1_13' title="bbox 371 1587 1534 1680">
    <p class='ocr_par' dir='ltr' id='par_1_19' title="bbox 371 1587 1534 1680">
     <span class='ocr_line' id='line_1_40' title="bbox 371 1587 1534 1680; baseline -0.006 -22"><span class='ocrx_word' id='word_1_299' title='bbox 371 1593 509 1671; x_wconf 87' lang='lat' dir='ltr'>Ferrati,</span> <span class='ocrx_word' id='word_1_300' title='bbox 545 1594 602 1680; x_wconf 93' lang='lat' dir='ltr'>qui</span> <span class='ocrx_word' id='word_1_301' title='bbox 635 1592 879 1659; x_wconf 89' lang='lat' dir='ltr'>commutabilis</span> <span class='ocrx_word' id='word_1_302' title='bbox 910 1592 975 1657; x_wconf 85' lang='lat' dir='ltr'>fuit</span> <span class='ocrx_word' id='word_1_303' title='bbox 1006 1612 1065 1677; x_wconf 92' lang='lat' dir='ltr'>pro</span> <span class='ocrx_word' id='word_1_304' title='bbox 1089 1590 1199 1670; x_wconf 89' lang='lat' dir='ltr'>Ensio,</span> <span class='ocrx_word' id='word_1_305' title='bbox 1229 1589 1299 1655; x_wconf 89' lang='lat' dir='ltr'>filio</span> <span class='ocrx_word' id='word_1_306' title='bbox 1326 1587 1422 1675; x_wconf 83' lang='lat' dir='ltr'>F[re·</span> <span class='ocrx_word' id='word_1_307' title='bbox 1528 1588 1534 1595; x_wconf 85' lang='grc'><strong>“</strong></span> 
     </span>
    </p>
   </div>
  </div>
 </body>
</html>
