3278 5610
381 811 428 861 DE
449 813 608 865 meost:
630 815 729 865 REGIS
752 818 905 882 saunier,
929 819 993 868 VIZ.
1015 821 1138 872 runnu.
1217 813 1277 873 143)

133 981 137 990 '
237 984 292 1061 sel,
314 987 467 1053 clericum
490 1011 588 1055 suum
611 991 792 1077 specialem,
817 997 857 1056 ut
887 991 956 1076 ejus
979 991 1086 1056 foedus
1113 997 1147 1055 et
1168 992 1279 1056 amici·
1291 1011 1359 1063 Al)
1374 1019 1419 1064 ιιι
1421 1022 1444 1066 s.

238 1087 319 1151 tiam
341 1090 554 1174 postularent,
579 1099 613 1156 et
638 1115 781 1157 sororem
803 1115 896 1157 suam
919 1093 1083 1157 uterinam
1106 1091 1444 1172 Edwardo,0fSP³i1110

238 1187 388 1256 filiosuo
417 1193 639 1280 primogenito
666 1200 701 1259 et
731 1195 843 1259 heredi
873 1194 1030 1281 legitimo,
1054 1194 1278 1259 matrimonia-
1270 1145 1405 1278 ffissd

238 1290 278 1354 lit
264 1296 315 1354 ter
345 1283 497 1379 peterent
530 1297 756 1383 copulandam
803 1297 879 1383 Ipse
913 1302 1024 1361 autem
1056 1318 1115 1362 rex
1148 1298 1279 1384 Angliae

239 1391 445 1461 Wasconiam
469 1404 647 1464 memorato
677 1398 745 1464 filio
776 1421 835 1463 suo
859 1403 1068 1476 concesserat,
1094 1400 1182 1483 quod
1212 1421 1279 1464 non

238 1493 419 1583 discrepat¹
435 1521 456 1564 a
470 1500 673 1566 concessione
695 1501 846 1566 facienda
870 1500 1035 1587 praedictae
1058 1500 1174 1586 puellae
1196 1523 1279 1588 prae-

237 1595 305 1660 fato
343 1599 537 1689 E[dwardo]
572 1602 773 1670 maritandae.
820 1603 1013 1668 Postulabat
1042 1607 1153 1667 autem
1192 1601 1279 1667 idem

236 1719 293 1762 rex
317 1700 488 1788 Hispaniae
519 1705 729 1791 praesentiam
762 1705 918 1770 Edwardi
949 1704 1013 1768 sibi
1048 1703 1208 1782 exhiberi,
1240 1709 1279 1769 ut

235 1822 318 1881 eum,
342 1810 440 1889 prout
462 1810 595 1871 tantum
619 1808 730 1872 decuit
752 1807 998 1885 adolescentem,
1022 1805 1152 1892 cingulo
1176 1805 1276 1870 dona-

235 1907 286 1967 ret
316 1905 461 1983 militari,
493 1915 528 1973 et
559 1931 671 1974 eorum
704 1905 929 1982 satisfaceret,z
963 1912 1061 1994 prout
1095 1906 1275 1992 expediret,

236 2006 396 2089 petitioni.

251 2238 435 2329 Εινιὲισοριιε
457 2244 714 2311 Labacolaicusia
735 2244 902 2312 Robcrtus
922 2243 1125 2328 infirmatus
1155 2241 1270 2309 taliter

477 2347 696 2434 coaequantur
717 2348 758 2414 dc
779 2353 845 2414 utut
844 2367 872 2412 u
831 2345 1040 2413 t.ccclcsioe

279 2503 406 2570 Diebus
427 2507 490 2571 sub
512 2508 635 2572 eisdem
658 2508 829 2594 episcopus
852 2505 1090 2570 Lincolniensis
1114 2505 1330 2572 Robertusco
1314 2525 1406 2588 mopni
1409 2533 1438 2575 nt

236 2607 324 2691 apud
347 2607 512 2692 Bugeden,
538 2610 721 2674 manerium
745 2630 849 2688 suum,
873 2608 1029 2672 decubuit
1051 2607 1239 2693 graviter
1230 2629 1280 2670 ιιι-
1292 2589 1421 2708 fflffibl·
1410 2661 1435 2708 ln

236 2710 394 2775 firmatus
452 2710 565 2789 Qui
556 2733 591 2774 m
630 2711 752 2796 spiritu
789 2731 991 2797 praenoscens
1029 2708 1324 2773 tribulationemon
1335 2722 1375 2774 hb
1427 2677 1445 2715 ’

237 2810 420 2873 ecclesiae
411 2833 446 2874 m
478 2812 627 2896 proximo
662 2813 823 2897 ingruere,
856 2813 989 2876 vocavit
1023 2812 1064 2875 ad
1087 2833 1121 2875 se
1143 2810 1279 2875 fratrem
1292 2789 1432 2848 ‘¹‘th

85 2911 109 2957 fe
110 2911 125 2959 1
138 2917 165 2960 l
157 2911 217 2962 ⁶⁶·
237 2911 425 2974 Johannem
448 2913 489 2976 de
514 2912 638 2976 Ordine
662 2913 925 2988 Praedicatorum,
941 2912 1062 2976 scilicet
1085 2858 1435 3035 magistrumphhepiididi

237 3011 424 3077 Johannem
455 3013 495 3078 de
519 3014 641 3078 Sancto
664 3015 792 3100 Egidio,
826 3015 861 3076 in
896 3020 966 3078 arte
989 3014 1174 3078 medicinali
1196 3014 1281 3100 peri-
1292 2985 1445 3039 Mum·

238 3122 317 3191 tum,
342 3123 376 3179 et
402 3116 438 3179 in
460 3115 627 3200 theologia
648 3115 810 3181 lectorem.
852 3115 1070 3199 Recitansque
1092 3115 1179 3179 facta
1194 3137 1280 3199 quae·

237 3217 313 3280 dam
337 3218 566 3294 Romanorum,
591 3240 665 3282 eum
687 3218 834 3304 graviter
856 3218 1024 3303 redarguit
1046 3222 1081 3281 et
1103 3217 1279 3281 confiatres

237 3342 319 3395 suos,
342 3342 467 3386 necnon
491 3326 526 3385 et
549 3320 702 3400 Minores,
724 3342 762 3385 eo
785 3319 874 3406 quod
898 3319 986 3384 Ordo
1009 3339 1121 3383 eorum
1143 3319 1179 3381 in
1200 3340 1279 3404 pau-

237 3428 368 3507 pertate
382 3423 569 3487 voluntaria
591 3422 815 3498 constituitur,
837 3427 876 3486 ut
898 3421 1034 3486 liberius
1055 3420 1141 3485 vitia
1165 3427 1278 3505 poten-

237 3531 309 3587 tum
336 3526 455 3590 acriter
477 3525 726 3613 reprehendant.
774 3525 817 3589 In
848 3523 910 3589 hoc
943 3528 1063 3600 autem,
1097 3523 1185 3608 quod
1216 3523 1277 3608 ipsi

236 3632 369 3711 pecca-ta
400 3633 593 3713 magnatum
625 3628 781 3692 audacter
814 3649 882 3692 non
913 3627 1125 3712 redarguunt,
1150 3625 1277 3689 eosdem

235 3728 404 3793 haereticos
420 3730 508 3795 dixit
522 3730 718 3795 manifestos
765 3729 977 3815 Interrogans
992 3727 1126 3814 insuper
1140 3727 1275 3791 eundem

236 3830 380 3909 fratrem,
404 3832 520 3911 “Quid
559 3839 644 3897 esset
666 3831 848 3898 haeresisl”
869 3837 904 3896 et
925 3831 982 3897 ille
1005 3831 1199 3906 haesitasset,
1223 3852 1279 3893 au-

236 3933 394 3995 tenticam
429 3955 495 3997 non
528 3934 671 3999 recolens
702 3933 943 4013 diffinitionem,
979 3932 1067 3997 dixit
1100 3932 1278 4017 episcopus,

239 4041 254 4065 “
268 4032 412 4097 Haeresis
434 4041 485 4099 est
507 4037 672 4101 sententia
694 4037 838 4100 humano
861 4057 957 4100 sensu
972 4035 1083 4111 electa,
1101 4034 1279 4119 Scripturae
1290 4053 1447 4121 waratus·

239 4133 345 4199 Sacrae
383 4138 553 4215 contraria,
576 4139 685 4224 palam
722 4138 847 4215 edocta,
884 4137 1098 4223 pertinaciter
1136 4133 1276 4199 defensa.
1284 4122 1421 4237 ffi'ilffl

237 4236 383 4299 Haeresis
405 4237 492 4301 enim
516 4238 636 4313 Graece,
659 4239 773 4304 electio
789 4237 937 4303 Latine?
983 4236 1028 4301 Et
1043 4241 1278 4321 consequenter
1292 4252 1381 4303 oroeco

235 4338 470 4422 reprehendens
492 4340 653 4456 praelatos,
678 4346 712 4404 et
734 4341 877 4403 maxime
899 4339 1074 4416 Romanos,
1097 4337 1278 4420 subjunxit,
1289 4328 1417 4385 “⁸⁹¹⁶''

236 4441 360 4505 “Dare
382 4463 493 4506 curam
516 4442 701 4506 animarum
717 4440 865 4527 paruulo,
880 4439 1046 4504 sententia
1068 4445 1119 4504 est
1140 4439 1277 4524 alicujus

236 4622 285 4628 ᾳ,
302 4623 325 4626 ...
335 4622 420 4627 --.
682 4618 981 4627 ,--..-..-.----.
1085 4619 1276 4625 ...ψ-...-

268 4714 275 4743 ¹
297 4714 433 4780 armati]
452 4715 590 4778 ιωιηριι,
602 4713 657 4766 us.
758 4713 763 4778 J
819 4708 1017 4774 enascens]
1035 4709 1233 4770 arsamus.

320 4811 397 4861 von
421 4812 472 4864 ιιι
1119 4807 1147 4857 ιι
