3278 5610
429 807 475 854 ns
496 807 656 856 rssross
679 808 780 857 sacis
803 809 949 860 suasim
972 811 1094 862 rnanr.
1218 801 1287 864 243⁴

235 983 289 1042 est,
311 978 388 1048 qnod
405 985 538 1034 nostrum
561 977 792 1033 secretissimum
810 979 974 1044 consilium,
995 981 1030 1036 de
1049 981 1183 1036 omnibus
1199 979 1280 1036 vide-
1293 992 1449 1045 A,1),1217,

234 1062 304 1117 licet
328 1062 435 1132 Anglis
461 1070 603 1134 perpetuo
624 1061 842 1127 exheredandis,
870 1065 902 1118 in
927 1064 1023 1120 lucem
1054 1066 1169 1136 prodiit.
1208 1064 1279 1134 Quis

235 1145 328 1215 igitur
346 1146 453 1216 Anglii
472 1147 528 1202 hoo
546 1146 713 1201 misterium
731 1147 922 1202 revelaviti'’
959 1149 998 1203 Et
1022 1166 1194 1220 responsum
1211 1151 1278 1215 luit,

235 1233 252 1257 “
266 1229 344 1284 Vere
373 1230 512 1286 scribitur
539 1231 570 1284 in
597 1230 773 1300 evangelio,l
806 1230 906 1286 'Nihil
931 1233 1088 1298 occultum,
1118 1233 1196 1303 quod
1224 1251 1281 1289 non

232 1314 400 1370 reveletur.’
411 1314 448 1350 ”²
482 1314 653 1370 Vioeoomes
673 1352 796 1369 .....
815 1317 1000 1382 recesserint,
1016 1318 1066 1388 qui
1079 1317 1121 1372 eis
1134 1316 1213 1371 mala
1228 1335 1282 1388 pro

232 1399 317 1453 bonis
334 1415 558 1470 recompensare
575 1396 812 1469 proposuimus.”
849 1399 942 1456 Nulla
959 1406 1057 1456 autem
1069 1401 1101 1456 in
1119 1406 1281 1456 memorato
1294 1405 1404 1456 Persona

232 1483 421 1552 magnatum³
451 1482 573 1538 concilio
598 1482 707 1536 mentio
734 1482 812 1538 lacta
838 1483 896 1538 fuit
921 1484 1057 1555 specialis
1075 1484 1112 1540 de
1129 1485 1281 1553 magistris
1294 1475 1414 1536 “celiel

234 1567 361 1637 Symone
379 1567 416 1620 de
428 1566 607 1636 Langetona,
622 1565 712 1620 fratre
730 1565 943 1638 archiepiscopi
963 1567 1183 1623 cantuariensis
1203 1566 1282 1638 S[te·
1293 1539 1415 1669 ἓξὲξ

232 1648 345 1721 phani],
375 1651 426 1722 qni
453 1649 646 1706 cancellarius
677 1655 707 1704 et
736 1650 874 1721 specialis
898 1651 1071 1707 Ludowici⁴
1092 1651 1280 1708 consiliarius
1293 1685 1377 1735 pm,

233 1735 377 1798 extiterat,
398 1735 445 1790 vel
465 1734 606 1789 Gerrasio
624 1733 660 1787 de
679 1733 855 1805 Hobrngge,
875 1735 906 1789 in
924 1753 998 1806 quos
1019 1735 1136 1805 legatus
1155 1735 1280 1807 ignobili

232 1818 385 1887 tyrannide
404 1818 535 1873 desaevit.
575 1817 778 1886 Similiterque
797 1819 828 1871 in
846 1817 928 1882 alios,
949 1837 1007 1872 non
1025 1824 1138 1873 tantum
1157 1819 1279 1876 clericos

232 1902 283 1956 sod
301 1903 464 1972 religiosos,
484 1902 535 1972 qui
554 1900 779 1972 aliquantulum,
800 1901 870 1956 licet
897 1903 992 1966 inviti,
1019 1901 1176 1957 Ludowico
1200 1904 1278 1958 lavo·

230 2003 292 2040 rem
310 1986 483 2042 ridebantur
511 1984 701 2057 proestitiss0;
730 1983 761 2040 in
787 2004 844 2056 quo
869 1987 947 2041 facto
969 1986 1129 2058 juramenti
1146 1994 1278 2043 tenorem

229 2087 322 2141 nuper
349 2067 419 2125 lacti
445 2069 564 2124 videtur
588 2068 724 2124 violasse.
763 2067 808 2122 De
834 2068 935 2139 spoliis
964 2069 1058 2139 igitur
1077 2070 1276 2142 spoliatorum,
1290 2080 1440 2149 Theclergy

229 2154 298 2208 licet
316 2171 347 2207 se
366 2153 542 2209 sufficienter
560 2152 775 2216 humiliassent,
796 2170 864 2207 suos
883 2151 1014 2218 clericos,
1031 2159 1061 2210 et
1079 2155 1167 2209 etiam
1184 2172 1277 2211 remo·
1289 2147 1414 2212 dffllfflflttl

229 2237 342 2291 tissime
373 2235 624 2308 consanguineos⁵
652 2255 772 2307 prorsus
803 2234 949 2306 indignos,
979 2236 1085 2293 ditarit
1113 2238 1274 2309 opulenter.
1289 2215 1323 2329 fi
1334 2215 1376 2331 ¹¹2¹?

230 2321 352 2392 Spoliati
378 2322 472 2392 igitur
497 2322 611 2376 curiam
638 2320 798 2376 Romanam
826 2320 907 2374 adire
933 2321 1122 2391 cogebantur,
1143 2323 1274 2393 papalem
1300 2296 1346 2345 ega
1372 2320 1378 2331 “

227 2404 468 2469 misericordiam,
490 2421 555 2476 qum
573 2421 664 2476 parva
682 2404 787 2468 fuerat,
808 2404 967 2474 experturi.
1017 2405 1147 2476 Legatos
1166 2410 1274 2472 autem,

228 2495 261 2543 ut
276 2491 480 2561 praetangitur,
494 2494 562 2560 post
572 2487 725 2543 victoriam
738 2487 775 2542 ad
786 2492 888 2542 votnm
906 2493 1063 2559 optentam,
1082 2490 1118 2545 ab
1137 2490 1274 2561 Hugone,

227 2572 424 2628 Lincolniensi
449 2573 595 2644 episcopo,
622 2570 653 2625 in
677 2571 817 2642 Angliam
842 2587 936 2642 nuper
964 2572 1108 2637 veniente,
1135 2590 1170 2628 eo
1200 2574 1278 2645 quod

227 2655 380 2712 videbatur
398 2655 521 2712 Francis
540 2655 733 2720 consensisse,
753 2661 872 2710 centum
890 2670 1004 2710 marcas
1023 2655 1154 2712 extorsit.

262 2807 459 2852 u⁰.cc⁰.xu11⁰.
498 2797 560 2852 Rex
573 2797 720 2851 Henricus
736 2795 796 2851 111.
810 2797 868 2853 fuit
886 2797 924 2852 ad
941 2797 1048 2853 Natsle
1067 2798 1186 2853 Domini
1199 2799 1275 2871 apud
1290 2806 1378 2872 Henry
1388 2814 1415 2858 st

227 2882 471 2945 Norbamtanam,
486 2881 537 2951 qui
556 2887 602 2934 est
616 2876 734 2949 [annus]
749 2879 759 2909 ⁶
772 2879 877 2951 regni?
890 2881 1024 2950 ejusdem
1043 2883 1123 2952 regis
1138 2883 1201 2952 jam
1220 2893 1277 2938 ter-
1289 2873 1442 2939 Northsmp·

227 2966 309 3030 tius;
330 2965 464 3020 Faloasio
481 2963 572 3034 regiae
590 2963 752 3018 festivitate
771 2963 938 3018 necessaria
955 2965 1153 3022 ministrante.
1185 2967 1278 3023 Erant
1289 2947 1341 2991 ¹⁰¹¹·

228 3056 326 3104 autem
348 3087 537 3104 .......
561 3052 663 3101 contra
680 3046 761 3116 regis
780 3045 1007 3117 prohibitionem
1029 3047 1124 3105 adhuc
1145 3048 1277 3106 detinere

173 3171 180 3184 .
227 3138 486 3205 praesumpserunt.
523 3130 675 3201 Equibus
694 3129 840 3184 Robertus
859 3129 894 3183 de
914 3128 1021 3202 Gaugi‚
1042 3130 1112 3186 dum
1130 3134 1426 3196 castrum⁸R0bertde

227 3217 262 3271 de
275 3218 304 3273 N
306 3234 419 3272 euasere
438 3215 567 3271 detinere
589 3212 787 3286 praesumpsit,
808 3212 993 3268 aWillelmo
1011 3214 1186 3272 Marescallo
1210 3235 1276 3272 oon·
1290 3211 1373 3290 Gausl

226 3302 310 3356 fusus
328 3308 375 3356 est
393 3306 423 3355 et
440 3300 569 3370 punitus.
607 3295 720 3352 Eodem
739 3313 813 3351 anno
832 3297 909 3352 saeta
928 3305 974 3353 est
991 3299 1081 3354 motio
1099 3298 1274 3357 universalis
1289 3276 1419 3340 pamm

226 3387 372 3441 exercitus
391 3383 552 3439 Christiani
571 3381 606 3437 ab
625 3380 729 3435 Achon
748 3399 841 3451 usque
860 3377 898 3435 ad
916 3380 1091 3448 Damiatam,
1118 3384 1169 3438 ubi
1187 3384 1345 3486 longaings
1355 3430 1382 3473 a

226 3476 256 3525 et
285 3476 458 3540 sumptuosa
487 3467 575 3522 nimis
606 3466 757 3520 obsidione
788 3463 922 3536 quaedam
953 3466 1044 3520 turris
1075 3484 1143 3522 cum
1172 3474 1275 3523 catena
1287 3487 1421 3541 pamm

225 3554 400 3609 miraculose
419 3561 505 3624 capta
523 3557 576 3608 est.
616 3548 814 3622 Saphodinus,
844 3548 959 3603 dierum
985 3550 1130 3605 malorum
1157 3551 1272 3623 plenus,
1287 3567 1411 3618 Deashof

226 3638 324 3693 dolore
343 3635 438 3693 cordis
457 3643 564 3700 tactus,
584 3642 718 3690 mortuus
731 3639 785 3698 est,
806 3638 836 3687 et
854 3632 989 3703 sepultus
1007 3632 1039 3687 in
1056 3633 1179 3689 inferno.
1218 3635 1275 3692 Cui
1288 3634 1423 3697 Saphadin.

226 3721 457 3777 successitlilius
482 3721 545 3792 ejus
565 3717 728 3774 Goradinus
749 3759 871 3772 .....
892 3718 922 3771 in
941 3736 1069 3773 acervos.
1109 3716 1275 3790 subjugata

227 3848 233 3860 .
256 3849 262 3860 .
285 3848 291 3859 .
312 3807 426 3869 Crucis,
446 3803 483 3859 de
501 3803 628 3859 diversis
649 3844 656 3859 .
678 3844 684 3856 .
707 3845 713 3856 .
736 3843 742 3856 .
763 3807 793 3856 ot
815 3801 918 3866 nobili,
938 3803 1056 3857 natione
1073 3801 1220 3873 Anglieo⁹
1245 3810 1275 3859 et

225 3890 363 3944 Romanae
381 3889 514 3944 ecclesiae
532 3886 686 3951 cardinali,
707 3891 737 3940 et
755 3885 896 3939 Romanis
915 3886 1027 3941 multis.
1065 3886 1219 3942 Venerunt
1244 3894 1275 3942 et

226 4014 233 4027 .
256 4015 262 4027 .
285 4015 290 4027 .
311 3974 434 4028 recessit
453 3971 672 4026 formidolosus.
710 3969 802 4024 Venit
823 3974 854 4023 et
874 3975 944 4024 tunc
965 4011 1111 4024 .......
1126 3971 1203 4026 sicut
1220 3990 1273 4027 nec

224 4058 358 4113 notitiam
376 4075 433 4112 non
451 4065 594 4112 tenemus.
645 4055 680 4108 In
699 4053 806 4123 vigilia
829 4058 928 4107 autem
947 4053 1040 4108 sancti
1059 4051 1185 4109 Andreae
1205 4096 1212 4109 .
1234 4096 1241 4109 .
1263 4097 1270 4111 .

258 4263 265 4294 ι
284 4261 419 4329 Μηρώ]
440 4261 587 4326 ewangelio,
598 4257 656 4310 MS.
770 4256 811 4306 blo
822 4256 952 4306 iswritten
964 4259 998 4321 by
1011 4273 1026 4306 a
1037 4267 1122 4308 recent
1132 4258 1200 4309 hand
1209 4275 1270 4311 over

257 4355 267 4387 ²
284 4357 388 4405 Altered
399 4357 465 4405 from
476 4354 549 4404 Mart.
560 4368 586 4405 x
599 4359 638 4404 26.
769 4349 802 4384 ⁸¹²
813 4347 921 4386 ‘murt

256 4448 439 4513 ³maynotum]
459 4445 721 4512 mmmmm
767 4414 1078 4555 Ajylopiakusqwupplied
1106 4417 1170 4467 from
1199 4417 1266 4469 Hbs.

221 4541 342 4590 oerased.

799 4571 810 4608 ⁷
825 4573 908 4637 regni]
929 4573 1025 4637 rengni,
1038 4574 1093 4625 MS.

798 4650 809 4681 ⁸
825 4651 944 4716 cestriam]
963 4661 1025 4710 cast,
1035 4653 1092 4704 Ms.
