3278 5610
318 729 383 792 230
406 742 573 792 namur
595 741 808 792 remersusrs
830 741 1063 792 Asaauvurro
1088 741 1350 792 cuaomcoauu.

150 915 424 971 anineshem
451 914 607 980 commisit,
628 914 736 986 spretis
760 913 906 986 Anglicis,
933 913 1131 970 custodienda.
1171 912 1246 971 Oum
1271 918 1372 973 autem
1400 920 1529 974 foueas.

153 1009 278 1060 Doethof
321 1000 482 1055 durasset.
505 1040 512 1054 .
534 1040 540 1053 .
563 998 748 1055 ‚interdicti
787 999 945 1063 Johannes,
959 998 1048 1054 abbas
1061 997 1192 1054 ecclesiae
1207 997 1306 1054 Sancti
1318 997 1372 1053 Al·
1383 987 1493 1040 1¹³5&st

152 1075 231 1134 John,
242 1078 286 1126 αἲ)-
320 1084 397 1148 bani,
417 1084 464 1140 vir
481 1083 519 1138 ad
544 1083 663 1154 plenum
690 1083 835 1148 literatus,
865 1090 896 1138 et
920 1083 950 1138 in
969 1081 1077 1138 Ordine
1105 1082 1198 1137 sancti
1216 1081 1370 1137 Benedicti
1385 1059 1443 1107 ¹⁴⁹·

152 1142 281 1258 immi*
319 1168 448 1224 moribus
472 1166 668 1231 informatus,l
692 1166 740 1222 die
765 1166 844 1222 beati
867 1166 1015 1232 Kenelmi,
1045 1167 1122 1222 sicut
1147 1165 1226 1222 idem
1251 1171 1370 1223 sanctus

173 1278 203 1326 l?
215 1246 287 1341 ΝΥ,
319 1253 422 1309 multis
440 1257 508 1307 ante
525 1251 684 1323 praeteritis
702 1251 786 1306 annis
810 1251 994 1323 predixerat,
1014 1251 1093 1306 viam
1110 1251 1255 1307 universe
1273 1250 1370 1308 caruis

320 1341 366 1391 est
382 1338 543 1408 ingressus.
582 1335 645 1390 Rex
663 1335 700 1390 ad
718 1341 848 1391 castrum
867 1375 989 1390 .....
1009 1334 1081 1391 illuc
1098 1333 1276 1406 properavit,
1307 1333 1370 1389 Rex

320 1425 419 1476 autem
447 1420 467 1475 J
469 1417 633 1491 [ohannes],
660 1420 715 1474 hoc
736 1417 859 1485 audito,i
875 1419 1053 1490 praeparavit
1072 1461 1079 1474 .
1101 1460 1108 1474 .
1129 1460 1137 1474 .
1156 1424 1191 1474 ut
1207 1419 1368 1485 resisteret,
1403 1460 1409 1472 .

320 1504 361 1559 ut
378 1522 444 1559 cum
463 1503 643 1558 animassent
660 1519 728 1558 eum
745 1502 865 1573 Anglici
883 1503 1084 1573 imperterriti,
1098 1503 1286 1565 Pictavenses
1303 1544 1310 1558 .
1332 1543 1339 1558 .
1361 1544 1367 1558 .

153 1594 206 1661 Joy
218 1596 246 1646 of
254 1597 296 1647 the
319 1587 458 1659 proelium
487 1585 708 1642 conserendum.
746 1587 827 1642 Tunc
853 1604 906 1641 rex
934 1628 940 1641 .
963 1628 969 1642 .
993 1628 1000 1641 .
1029 1585 1221 1643 imminebat.³
1264 1586 1487 1645 ursicinus.

152 1663 291 1713 Frenchat
320 1677 417 1726 alitem
435 1671 502 1743 plus
521 1670 689 1742 gaudebant
707 1688 795 1741 super
819 1670 871 1726 illo
889 1689 969 1736 casu,
990 1688 1078 1741 quam
1103 1688 1232 1742 unquam
1258 1670 1294 1727 de
1311 1671 1370 1726 alio
1384 1659 1441 1705 ¹⁵⁰·

98 1750 102 1758 ’
153 1729 307 1846 §uffart
320 1755 372 1826 qur
401 1754 444 1809 eu
474 1753 670 1824 contingebat,
702 1754 791 1809 immo
822 1755 911 1810 seam
941 1753 1059 1809 ‹101110
1089 1755 1201 1826 quiin
1231 1755 1370 1810 umora

153 1813 290 1919 Poitevime·
320 1838 427 1893 evenit.
467 1837 526 1893 Sed
544 1835 580 1893 de
598 1836 650 1891 illo
667 1837 699 1891 in
717 1837 905 1911 sequentibus
924 1836 1127 1895 declarabitur.
1166 1837 1235 1894 Hiis
1254 1856 1369 1910 quoque

287 1920 289 1926 ’
320 1922 444 1978 diebus.
466 1963 473 1978 .
495 1922 697 1978 ‚hunnorum
708 1922 878 1994 perterruit.
916 1923 1009 1977 Erant
1020 1924 1165 1994 namque⁴
1178 1924 1210 1978 in
1224 1963 1369 1981 .......

320 2011 350 2060 et
367 2005 559 2070 Braibancioe,
580 2005 631 2076 qui
658 2006 722 2079 pari
740 2005 887 2061 tirannide
905 2007 936 2061 iu
957 2006 1155 2079 Francigenas
1176 2007 1368 2062 fremuerunt.

320 2088 448 2144 Additus
475 2089 564 2145 etiam
594 2094 640 2144 est
669 2095 700 2145 et
728 2089 787 2145 hiis
818 2091 937 2163 quidam
966 2108 1063 2145 comes
1093 2091 1273 2147 Alemannioe

319 2172 516 2228 nominabant.
551 2173 681 2227 Tandem
700 2178 798 2228 autem
815 2175 896 2229 venit
915 2216 921 2228 .
944 2216 951 2230 .
973 2216 979 2228 .
1000 2175 1100 2245 paucis
1119 2175 1263 2230 militibus
1281 2174 1369 2230 comi·

321 2263 408 2312 tatus.
447 2255 580 2326 Cumque
610 2255 673 2311 haec
696 2297 703 2311 .
725 2297 732 2312 .
754 2298 761 2311 .
787 2274 842 2312 nec
867 2257 985 2322 mirum,
1014 2257 1211 2330 perterritus,⁵
1238 2259 1371 2314 invocato

320 2345 418 2395 tamen
436 2338 493 2393 Dei
511 2344 540 2392 et
557 2340 650 2394 sancti
668 2338 794 2396 Dionisii
813 2341 961 2412 suffragiu
982 2341 1110 2397 occurrit
1127 2342 1170 2396 eis
1189 2360 1256 2397 cum
1275 2384 1282 2397 .
1304 2384 1310 2396 .
1332 2384 1339 2396 .
1362 2351 1452 2401 ‚Isiu
1464 2352 1493 2405 ii.

152 2428 278 2479 Battlecf
319 2423 488 2495 Anglorum
511 2421 622 2477 bellum
654 2421 732 2493 quod
761 2430 1000 2496 praeparaverant
1029 2443 1191 2490 conserere,
1218 2425 1308 2497 Hngo
1333 2425 1370 2480 dc
1385 2422 1443 2469 ¹⁵¹·

151 2494 269 2546 B⁰Vi¹¹⁶³v
320 2507 426 2571 Boves,
442 2503 627 2561 Christianus
641 2506 818 2573 umbratilis,
831 2526 889 2562 non
900 2514 1061 2580 reputans.
1083 2551 1089 2563 .
1112 2550 1118 2562 .
1133 2509 1196 2565 dies
1215 2516 1253 2575 te,
1268 2510 1368 2581 Hugo,

319 2589 507 2663 proditorem,
528 2595 557 2644 et
575 2607 622 2644 me
640 2590 775 2661 probabit
793 2596 823 2646 et
840 2591 957 2646 fidelem
976 2593 1171 2663 experietur.”
1202 2594 1370 2655 Exclamato

319 2674 413 2746 igitur
424 2673 493 2728 hinc
507 2674 526 2700 “
537 2672 663 2745 Regales
675 2673 682 2726 Ι
696 2673 823 2745 Regalcs
833 2675 840 2729 Ξ
852 2674 870 2699 ”
883 2675 951 2730 inde
966 2678 985 2703 “
994 2676 1275 2749 Montis-gandium!
1288 2678 1369 2733 Mon·

312 2751 559 2831 'tis-gaudium!”
587 2757 858 2829 perstrepentibus⁶
883 2759 962 2815 tubis
993 2767 1023 2815 et
1056 2761 1148 2828 lituis,
1180 2762 1369 2818 commissum

320 2846 366 2897 est
394 2840 505 2896 bellum
534 2841 782 2896 cruentissimum.
828 2843 868 2899 lit
895 2861 948 2899 rex
976 2843 1008 2901 in
1037 2846 1134 2900 medio
1164 2847 1294 2901 acierum
1323 2854 1369 2901 est

320 2930 483 2997 prostratus
504 2965 511 2980 .
533 2966 540 2980 .
562 2966 568 2979 .
589 2932 755 2996 opponeret,
768 2925 898 2982 Neuster
915 2927 1039 2992 natione,
1062 2930 1180 2986 tandem
1198 2930 1368 2986 interfectus

320 3014 374 3065 est.
412 3009 452 3064 Et
474 3026 526 3063 rex
552 3008 602 3064 vix
626 3026 715 3080 super
739 3027 848 3080 equum
873 3012 1014 3076 elevatus,
1043 3012 1113 3067 dum
1143 3013 1262 3085 quidam
1292 3014 1367 3071 alius

320 3093 406 3149 miles
423 3092 615 3164 Francigena,
635 3093 687 3164 qui
705 3093 794 3148 armis
813 3094 905 3166 regiis
923 3096 1020 3151 suerat
1037 3096 1201 3162 redimitus,
1221 3096 1368 3153 hostium⁷

321 3176 426 3232 turmis
452 3176 548 3232 extitit
574 3176 736 3247 impetitus,
762 3177 814 3248 qui
839 3184 869 3233 et
897 3179 1017 3234 tandem
1047 3180 1135 3250 periit
1164 3181 1365 3255 interemptus.

319 3261 449 3317 Tandem
475 3303 481 3315 .
504 3300 510 3315 .
532 3301 539 3315 .
565 3259 647 3315 Julio
672 3278 781 3326 mense,
807 3262 1013 3332 opponuntur⁸
1042 3263 1110 3318 h'inc
1141 3265 1209 3320 inde
1235 3266 1279 3321 hii
1308 3268 1367 3322 hiis

317 3345 482 3411 hostiliter3
505 3343 704 3407 vulnerantur,
732 3349 966 3415 prosternuntur,
994 3347 1173 3413 occiduntur,
1201 3352 1364 3422 capiuntur.

318 3430 422 3485 Denuo
440 3427 596 3501 praevaluit
613 3445 680 3498 pars
693 3427 890 3493 Francorum
911 3436 1025 3501 etpost
1043 3432 1209 3487 conflictum
1227 3435 1368 3505 gravissi-

318 3531 409 3577 mum,
428 3513 460 3566 in
485 3527 542 3583 quo
560 3511 624 3582 ipso
648 3511 709 3564 iere
737 3511 873 3566 occubuit
901 3512 1059 3585 imperator
1083 3516 1120 3569 ab
1151 3535 1226 3588 equo
1253 3519 1365 3590 pulsus,

317 3596 393 3652 clam
412 3613 443 3650 se
462 3594 582 3649 divertit
606 3611 673 3648 cum
699 3594 760 3648 suis
788 3594 963 3666 quibusdam
980 3599 1241 3655 commilitonibus.
1281 3602 1367 3674 Capti

318 3685 387 3735 sunt
416 3677 535 3742 ibidem,
556 3694 591 3731 ex
620 3681 704 3748 parte
734 3678 814 3748 r'egis
844 3678 1019 3751 Anglorum,
1048 3680 1243 3755 W[illelmus]
1270 3704 1366 3743 comes

320 3761 555 3826 Saresbiriensis,
584 3776 680 3815 comes
700 3801 821 3815 .....
859 3761 1050 3835 Reginaldus,
1076 3784 1173 3822 comes
1200 3768 1274 3824 Pelu
1299 3770 1367 3824 Ale·

318 3846 453 3911 manniae,
476 3862 544 3903 cum
573 3844 675 3900 multis
691 3844 768 3899 'aliis
794 3846 943 3917 praeclaris
970 3855 1001 3905 et
1028 3850 1102 3905 viris
1127 3854 1364 3924 praepotentibus,

320 3930 427 4004 qui..
449 3970 456 3993 ,
477 3969 485 3985 .
506 3970 513 3984 .
535 3969 543 3983 .
564 3969 571 3983 .
592 3935 622 3983 et
639 3927 772 3983 cantibus
791 3930 1030 4001 applaudentium
1051 3935 1200 4006 splenduit
1225 3944 1365 3994 serenata.
1396 3944 1440 3997 fol.
1452 3948 1487 3994 44
1500 3965 1527 4001 a.

342 4047 519 4054 ......-..—---
535 4048 556 4051 --
566 4047 593 4052 --
600 4047 621 4052 .-
629 4047 740 4052 ------
747 4047 795 4053 ...-
968 4052 976 4056 ,
1021 4053 1062 4058 ,,,-
1247 4056 1280 4061 ,-

357 4105 365 4137 ¹
384 4103 546 4170 insensatas]
566 4103 732 4165 informatus,
743 4102 799 4155 MS.
903 4106 1147 4176 ⁶perstrepentibue]
1189 4112 1366 4177 prestrepenti·

356 4185 367 4216 ²
384 4184 482 4250 cudite]
501 4185 587 4235 audito
598 4185 639 4243 ad,
650 4183 707 4235 MS.
868 4186 923 4247 bns,
934 4186 992 4239 MS.

356 4265 367 4297 ³
384 4264 534 4330 imminebat]
554 4265 681 4326 imineb'at,
693 4265 749 4316 MS.
902 4265 1044 4333 floreum]
1070 4268 1181 4319 Written
1201 4278 1228 4319 at
1243 4271 1296 4321 first
1306 4273 1367 4335 sus·

356 4344 495 4409 ⁴namqae]
515 4360 629 4409 namque,
640 4345 697 4395 MS.
703 4346 804 4410 passim
870 4346 936 4406 lium,
954 4347 999 4395 but
1014 4347 1049 4410 su
1072 4349 1167 4407 erased,
1188 4351 1236 4398 and
1256 4365 1318 4399 corr.
1339 4351 1366 4399 in

357 4425 539 4490 ‘perterrituq
552 4424 694 4487 perterritus,
703 4425 767 4485 MS,
774 4425 824 4475 and
868 4439 946 4488 marg.

323 4501 448 4566 orignally
459 4503 555 4553 written
563 4503 724 4568 perturbatas
741 4504 781 4567 (as
797 4503 823 4552 in
902 4503 914 4534 ⁸
930 4506 1096 4570 opponantur]
1109 4481 1291 4570 opprimuntur,
1297 4506 1365 4557 Hirr.

324 4581 392 4632 Hist.
405 4581 500 4646 Anpl),
516 4585 562 4633 but
575 4585 719 4634 aterwards
731 4587 824 4644 erased,
869 4581 942 4645 Asqt.

324 4662 375 4713 and
385 4674 449 4710 corr.
461 4659 488 4710 in
499 4676 578 4725 marg.
