3276 5618
452 791 499 841 DE
522 792 681 841 TEMPORE
704 794 802 843 REGIS
824 793 971 843 nahalal
994 795 1116 845 suurn.
1235 779 1300 850 257

251 966 447 1038 iniquitatem,
477 986 542 1040 quse
568 968 673 1024 cotidie
700 970 825 1042 suscipit
847 969 1069 1036 incrementum,
1095 989 1160 1027 sese
1183 971 1464 1043 prospi-A.D.1228.

250 1051 335 1106 ciant.
373 1051 473 1121 Quia.
496 1095 502 1107 .
524 1053 657 1108 .ardet.”
695 1054 734 1109 Et
751 1055 776 1108 si
794 1055 954 1109 maximum
970 1053 1204 1110 Christianorum
1222 1074 1294 1127 prra-

251 1149 370 1190 sumunt
387 1137 785 1210 contendamusque
803 1138 839 1192 de
859 1138 927 1193 aliis
946 1144 992 1193 eet
1010 1138 1216 1195 sentiendum?
1251 1140 1296 1195 Ex

249 1219 303 1272 hac
329 1221 546 1291 perturbatione
576 1228 673 1277 motus
703 1223 871 1294 imperator,
904 1222 1040 1277 excitavit
1066 1229 1167 1276 contra
1190 1240 1294 1294 papam

250 1344 257 1357 .
280 1343 286 1356 .
307 1345 313 1358 .
335 1346 342 1359 .
363 1305 439 1359 sicut
457 1306 519 1376 ipse
537 1324 614 1376 papa
625 1307 725 1361 multis
738 1324 791 1376 per
804 1306 904 1360 orbem
916 1304 1078 1361 literatorie
1090 1307 1293 1376 conquerendo

248 1387 433 1457 significarit.
470 1390 601 1460 Populus
620 1395 717 1444 autem
735 1390 911 1445 Romanus.
934 1432 940 1444 .
964 1432 969 1444 .
991 1390 1137 1455 excitavit,
1158 1397 1189 1446 et
1205 1391 1291 1446 illum

248 1472 398 1542 ejecerunt
416 1515 539 1528 .....
560 1474 718 1529 innodavit.
758 1474 934 1545 Stephanus,
956 1473 1177 1531 cantuariensis
1198 1475 1292 1534 archi·

247 1556 411 1627 opiscopus,
444 1558 520 1612 inter
555 1576 654 1613 omnes
685 1558 878 1613 occidentales
915 1559 1050 1628 praelatos
1087 1560 1192 1617 merito
1285 1573 1464 1626 ,Ειρρῑῑοῃος

248 1641 390 1711 sepultus.
427 1642 565 1696 Monachi
590 1647 688 1697 autern
714 1641 938 1698 cantuarienses
958 1641 1112 1713 elegerunt
1129 1642 1291 1699 Walterum
1304 1640 1401 1692 Walter
1411 1645 1442 1693 de

246 1724 283 1778 de
308 1725 475 1790 Einesham,
501 1727 675 1781 monachum
703 1743 799 1791 suum,
829 1726 859 1779 in
886 1725 1147 1797 archiepiscopum.
1198 1725 1291 1795 Quem
1303 1708 1446 1825 Elssgshff

246 1825 312 1861 cum
339 1810 404 1879 regi
430 1816 664 1880 praesentassent,
685 1828 737 1864 rex
763 1810 860 1882 ipsum
888 1810 1039 1873 refutavit,
1059 1816 1090 1865 ot
1113 1810 1177 1881 ejus
1196 1828 1290 1866 cassa-
1304 1791 1407 1892 cmg,

245 1892 354 1947 tioncm
384 1893 560 1962 procuravit.
585 1927 587 1931 ,
611 1894 722 1949 Eodem
753 1911 827 1950 anuo
857 1894 1017 1965 imperator
1050 1935 1056 1947 .
1079 1935 1092 1954 .,
1108 1935 1118 1951 .,
1147 1893 1290 1949 desidiam
1302 1908 1373 1972 bury,

245 1976 457 2041 insultationes,
478 1995 558 2031 mare
587 1978 750 2048 ingressus,
772 1977 851 2049 apud
877 1978 981 2033 Aehon
1008 1977 1160 2049 applicuit.
1197 1977 1288 2047 Quem
1302 1986 1356 2036 The
1366 2005 1417 2038 em·

245 2060 340 2115 clerus
361 2104 367 2116 .
390 2102 395 2114 .
417 2062 544 2116 honore
558 2070 758 2133 susceperunt.
794 2062 1026 2117 Verumtamen.
1043 2103 1049 2116 .
1066 2103 1072 2116 .
1089 2104 1095 2115 .
1110 2061 1163 2117 sed
1177 2062 1289 2116 eidem²
1303 2057 1456 2115 Wffllassdfl

243 2144 453 2199 consuluerunt
470 2144 680 2200 wintoniensis
699 2152 729 2202 et
747 2144 969 2204 Eronieniensis
988 2145 1127 2216 episcopi,
1148 2150 1177 2200 et
1190 2163 1290 2201 omnes
1303 2128 1328 2168 ”l
1339 2123 1413 2173 ΑΨ·

243 2228 294 2282 alii
312 2237 463 2299 magnates
483 2236 512 2284 et
530 2230 653 2300 praelati,
667 2235 709 2293 ut,
724 2248 806 2301 papae
819 2230 1011 2292 satisfaciens,
1025 2228 1137 2284 rediret
1154 2229 1287 2284 humilia·

94 2320 138 2370 sol.
151 2323 216 2374 596.
243 2320 291 2367 tus
304 2313 484 2368 adecclcsira
503 2315 653 2369 unitatem.
692 2313 796 2382 Quod.
819 2356 824 2368 .
847 2331 989 2384 ,gravem
1008 2314 1044 2369 de
1062 2331 1138 2384 papa
1155 2313 1289 2368 omnibus

244 2438 278 2451 ..
300 2439 306 2451 .
335 2414 401 2451 eum
430 2397 538 2467 injuste
566 2398 741 2453 sententiam
768 2398 970 2464 fulminasset3
999 2415 1140 2453 excusans
1171 2415 1202 2452 se
1223 2440 1229 2452 .
1252 2440 1258 2453 .
1280 2439 1286 2451 .

242 2480 402 2536 advenisse.
443 2480 587 2536 Soldanus
607 2522 727 2536 .....
748 2481 881 2537 occidens
899 2499 953 2536 nco
971 2481 1048 2537 vidit
1059 2499 1111 2536 neo
1130 2482 1289 2552 cognovit.³

244 2564 354 2619 Sed..
377 2606 383 2618 .
403 2572 592 2620 constantem.
629 2566 692 2620 Alii
720 2572 818 2620 tamen
843 2583 900 2621 non
928 2565 1004 2620 male
1023 2563 1098 2621 illud
1116 2565 1289 2636 interpreta-

241 2648 357 2711 bantur,
385 2649 455 2718 quic
479 2667 512 2703 re
541 2667 611 2703 vcra
636 2656 702 2704 ante
728 2650 796 2704 illos
822 2650 931 2707 multos
959 2649 1033 2714 dies,
1053 2654 1173 2721 propter
1201 2650 1289 2705 inter·
1300 2655 1454 2727 Friendsbip

243 2733 403 2788 meantium
430 2733 599 2788 institorum
622 2734 797 2788 commercia
815 2740 918 2788 mutua
936 2739 967 2789 et
988 2732 1125 2794 donativa
1149 2735 1287 2804 pretiosa,
1302 2724 1413 2777 between

243 2815 320 2870 undo
350 2816 470 2888 pacifice
495 2816 582 2872 licuit
608 2817 676 2871 hino
703 2817 826 2888 indeque
852 2817 1006 2887 negotiari,
1032 2818 1149 2872 fucrant
1175 2789 1434 2919 ”micis-{lssssssmm

244 2900 321 2964 simi,
341 2900 419 2955 sicut
436 2907 466 2955 et
483 2902 614 2973 ipsorum
634 2908 733 2971 patres
752 2907 782 2957 et
799 2907 1007 2957 antecessores.
1045 2901 1172 2971 Maligni
1191 2907 1289 2956 autem
1301 2923 1451 2980 ,hegoldau'

242 2985 357 3039 animi.
380 3026 386 3038 .
408 3025 414 3037 .
444 2985 652 3056 interpretari.⁴
696 2985 814 3040 Invenit
843 2990 941 3040 autem
971 2985 1139 3055 imperator,
1172 2985 1287 3056 quando

240 3067 343 3123 Achon
357 3110 500 3124 .......
514 3069 689 3139 octingentis
707 3068 828 3123 milibus
846 3068 1078 3139 peregrinorum,
1093 3073 1122 3122 ct
1139 3068 1286 3139 peditibus

241 3152 324 3222 quasi
343 3153 443 3207 decem
462 3154 591 3208 milibus.
629 3151 685 3221 Qui
704 3170 803 3207 omnes
825 3193 831 3205 .
852 3193 858 3205 .
880 3194 885 3207 .
908 3194 914 3206 .
934 3151 1093 3207 civitatem.
1130 3153 1288 3207 innumera

240 3237 359 3291 navium
389 3237 558 3300 multitudo,
588 3244 654 3308 post
683 3237 773 3306 longa
803 3243 900 3291 tamen
929 3236 1019 3290 maris
1049 3236 1189 3306 pericula,
1219 3254 1286 3290 curn
1300 3238 1414 3304 Supplies

240 3320 418 3374 victualibus
443 3321 547 3375 Achon
574 3321 726 3392 applicuit,
746 3321 788 3375 ita
814 3319 891 3392 quod
918 3320 949 3374 in
976 3320 1105 3374 exercitu
1133 3319 1183 3390 qui
1208 3320 1286 3391 apud
1299 3307 1408 3370 b¹⁰¹¹ssl¹t
1419 3317 1444 3358 1⁰

241 3402 344 3473 Jopen,
364 3405 474 3474 prmvio
500 3405 685 3475 imperatore,
701 3404 763 3474 jam
788 3404 936 3474 proiectus
962 3404 1028 3466 fuit,
1056 3420 1164 3474 magna
1189 3372 1422 3492 fueratffleffif'

242 3487 440 3551 aburrdantia‚⁵
459 3506 552 3560 usque
571 3489 608 3542 ad
628 3529 634 3542 .
655 3529 661 3542 .
682 3530 688 3542 .
710 3488 864 3543 secundus.
902 3487 1018 3542 Floruit
1035 3486 1113 3541 sama
1130 3486 1166 3540 ds
1185 3487 1285 3542 Carta·

239 3570 320 3641 phila
340 3571 460 3643 Joseph,
482 3573 532 3642 qui
557 3572 633 3627 vidit
651 3571 802 3627 Christum
831 3569 1070 3642 crucifigendum.
1108 3571 1284 3626 Eustachius

240 3694 247 3706 .
268 3695 274 3708 .
295 3695 301 3708 .
321 3663 493 3710 extremum.
530 3656 596 3723 Qui,
617 3657 754 3727 quoniam
773 3655 820 3710 die
839 3655 932 3710 sancti
945 3655 1096 3710 Eustachii
1115 3661 1201 3711 natus
1216 3655 1281 3719 fuit,
1328 3657 1421 3732 tNov.

238 3738 396 3793 vocabatur
420 3739 606 3804 austasius,
635 3745 666 3795 ei
690 3739 737 3795 ue
765 3739 857 3794 sance
885 3738 1035 3794 russeus
1054 3739 1149 3804 oses,⁶
1167 3721 1442 3835 apaturssrmrhof

238 3821 265 3875 ei
284 3821 339 3876 hoc
358 3823 548 3894 epitaphium,
1294 3795 1424 3919 biffiegf

333 3942 407 3996 “Da
425 3942 493 3997 vitas
511 3948 628 4013 portum
646 3942 729 4007 mihi,
750 3942 801 4013 qui
819 3941 886 4006 tria,
906 3959 1011 3997 nomen
1029 3946 1059 3997 et
1077 3948 1185 4006 ortum,
1294 3920 1406 3973 Wlffl-

362 4026 512 4091 Eustachi,
534 4027 646 4082 Christi
663 4026 760 4094 miles,
780 4025 986 4096 tumulumque
1004 4026 1140 4081 dedisti.'’

238 4144 331 4216 Cujus
357 4145 421 4199 loeo
447 4146 592 4221 magister
618 4145 765 4215 Rogerus,
791 4143 1001 4216 cognomento⁷
1018 4142 1124 4214 Niger,
1144 4144 1191 4200 vir
1216 4133 1377 4248 pro-{wer

238 4230 316 4283 fecto
344 4235 462 4284 sanctus
488 4236 518 4284 et
545 4230 574 4284 in
601 4229 752 4301 theologia
777 4230 877 4293 lector,
906 4229 1051 4298 jocundus
1078 4229 1108 4282 in
1137 4245 1279 4294 sermone,
1292 4216 1416 4320 su'ffeegm

272 4393 279 4423 ¹
296 4394 431 4458 conterere]
451 4400 599 4451 conterrere,
610 4392 666 4441 MS.
812 4392 822 4424 ⁶
840 4391 1004 4457 abundantiis]
1022 4391 1200 4451 habundantia,
1211 4391 1267 4442 MS.

269 4471 386 4536 ²cidem]
406 4473 438 4530 ei,
456 4471 521 4532 MS„
541 4473 592 4521 and
610 4470 683 4520 eidem
701 4487 739 4520 re·
811 4471 822 4502 ⁸
839 4472 986 4534 According
1005 4478 1032 4520 to
1050 4470 1093 4520 the
1109 4470 1202 4520 Patent
1212 4471 1279 4530 Roll,

237 4553 328 4616 pented
341 4551 523 4617 superfluously
534 4551 597 4600 aster
604 4548 710 4614 prolati.
781 4556 809 4599 13
822 4551 889 4599 Heu.
908 4549 956 4598 ΙΙΙ.
969 4565 1002 4598 m.
1017 4553 1055 4610 12,
1067 4549 1099 4599 he
1109 4550 1167 4598 died
1179 4555 1208 4598 sl
1220 4549 1276 4599 Oct.

269 4629 418 4694 3ποφιουὶι]
438 4630 580 4696 congnovit,
591 4629 647 4680 MS.
779 4635 849 4680 1228.
884 4629 1056 4689 SeeFasti,ii.
1070 4634 1125 4681 284.

269 4710 279 4739 ⁴
296 4710 328 4758 In
339 4708 382 4759 the
393 4709 492 4774 margm
504 4708 527 4758 is
539 4709 639 4760 arinen
649 4709 738 4759 witha
809 4709 820 4747 ⁷
837 4709 1004 4775 coynaueato]
1023 4708 1277 4773 congnomento,MS.

237 4790 363 4853 plommet,
375 4791 390 4816 ‘⁶
401 4787 590 4839 Proverbium.''

317 4885 393 4937 VOL.
418 4884 470 4937 111,
1120 4883 1144 4934 R
