3278 5610
395 857 442 904 nn
463 855 621 904 rauroun
644 855 745 905 naurs
767 856 919 914 animer,
943 856 1008 905 v1z.
1031 856 1152 906 runnu.
1228 838 1290 907 147

251 1034 365 1097 hilaris
386 1038 422 1097 et
444 1033 609 1112 affabilis3
638 1034 675 1097 in
697 1055 811 1098 mensa
832 1054 911 1098 vero
945 1032 1118 1119 spirituali,
1141 1032 1289 1110 devotus,
1302 1039 1371 1094 AD.
1385 1045 1457 1094 ma

249 1134 469 1212 lacrimabilis,
493 1139 529 1200 et
550 1135 731 1211 contritus3
763 1134 800 1197 in
821 1133 927 1199 officio
942 1135 1130 1221 pontificali,
1151 1134 1292 1212 sedulus,

251 1237 447 1301 venerabilis
485 1244 519 1302 et
552 1236 777 1324 infatigabilia
823 1236 865 1300 In
899 1259 966 1322 qua
996 1242 1093 1303 nocte
1124 1237 1293 1323 episcopus

252 1338 488 1404 Londoniensis
511 1337 653 1424 F[ulco],
675 1361 749 1403 cum
781 1359 848 1403 non
881 1343 966 1404 esset
988 1339 1102 1424 procul
1131 1360 1152 1403 a
1186 1337 1292 1424 Buge-

252 1442 344 1521 dene,
359 1441 499 1517 audivit,
523 1447 562 1505 ut
584 1441 715 1522 dicitur,
738 1441 869 1527 signum
885 1464 1043 1529 magnum
1067 1441 1292 1507 dulcissimum

252 1543 286 1605 in
309 1543 431 1607 sullimi
453 1543 587 1628 pulsari.
633 1542 767 1608 Fratres
797 1545 898 1609 etiam
923 1544 1076 1621 Minores,
1108 1544 1186 1608 illue
1218 1565 1292 1629 pro·

252 1651 411 1731 perantes,
433 1645 611 1710 audierimt
634 1644 670 1709 in
693 1645 817 1708 sullimi
840 1646 1008 1710 classicum
1032 1645 1183 1711 melicum
1207 1667 1292 1711 cam·

252 1769 419 1831 panarum,
442 1747 531 1812 inter
553 1769 636 1833 quaa
658 1770 761 1813 unum
793 1749 925 1836 signum
958 1749 1097 1813 electum
1120 1753 1155 1813 et
1176 1747 1294 1812 dulcis·

251 1849 370 1912 simum
399 1847 601 1914 articulatim
635 1850 820 1915 audierunt
875 1850 950 1930 Quo
981 1851 1123 1915 mirabili
1155 1849 1293 1915 ulterius

252 1951 294 2015 ab
317 1952 464 2036 utrisque
486 1951 667 2038 propalato,
690 1957 919 2038 cognoverunt
933 1952 1044 2018 verius
1065 1952 1157 2017 illam
1178 1952 1293 2016 horam

252 2075 329 2128 esse,
370 2074 436 2138 qua
474 2053 643 2139 episeopus
680 2055 859 2141 praedictus
895 2055 1037 2120 feliciter
1073 2054 1232 2141 migravit
1273 2076 1294 2119 a

253 2154 404 2242 corpore.¹

308 2430 462 2496 Mmttur
491 2432 677 2501 willelmus
699 2434 740 2499 de
769 2435 884 2520 wamy,
908 2434 948 2499 cle
962 2440 1063 2519 ,pam
1086 2432 1231 2500 umnam

294 2582 373 2649 Post
397 2586 576 2650 transitum
598 2609 677 2653 vero
700 2588 825 2653 domini
859 2589 954 2675 regis,
985 2589 1106 2654 mortui
1140 2592 1220 2652 sunt
1253 2585 1294 2650 de
1454 2553 1463 2956 ξ

250 2685 317 2750 suis
349 2688 566 2774 quamplures.
631 2690 726 2755 Inter
756 2713 837 2776 quos
868 2690 1054 2756 Willelmus
1090 2690 1132 2755 de
1163 2689 1293 2774 Wescy‚

250 2788 343 2852 miles
365 2789 501 2872 quidam
524 2791 565 2855 de
588 2792 803 2857 nobilioribus
836 2792 1017 2858 borealium
1048 2792 1194 2878 partium
1226 2791 1295 2855 An·

249 2891 325 2976 glioe
360 2891 547 2969 baronibus,
582 2893 673 2958 viam
706 2894 869 2960 universae
903 2895 1009 2959 carnis
1039 2895 1205 2982 ingressus
1236 2899 1294 2958 est.

252 2994 325 3056 Rex
362 2999 475 3057 autem
518 2994 741 3061 incontinenti
779 2995 963 3061 custodiam
1000 3000 1128 3061 tantam
1165 2996 1295 3062 cuidam

250 3094 445 3180 alienigenae
468 3096 610 3161 contulit
632 3097 870 3183 possidendam.
1355 3074 1457 3125 sm
1474 3072 1585 3190 ww

295 3636 381 3722 Ipsis
404 3659 534 3723 quoque
557 3640 673 3704 diebus
696 3646 769 3705 orta
803 3646 854 3704 est
885 3638 1048 3705 discordia
1079 3639 1167 3702 inter
1189 3634 1294 3698 arehi-
1307 3644 1419 3760 mli!

248 3738 433 3823 episcopum
467 3739 740 3807 Cantuariensem
772 3748 807 3806 et
838 3742 1018 3829 capitulum
1058 3738 1293 3803 Linoolniense.
1306 3778 1415 3842 ussup.
1428 3777 1458 3827 of

248 3838 455 3905 Vendicabat
478 3843 567 3906 enim
591 3844 852 3930 archiepiscopus
876 3848 1073 3930 potestatem
1107 3835 1293 3906 conferendi
1306 3842 1433 3959 gunter-d

249 3939 440 4022 praebendas
462 3950 496 4007 et
519 3944 669 4009 redditus
696 3946 732 4008 in
755 3947 945 4032 episcopatu
967 3940 1199 4021 Lincolniensi,
1221 3923 1461 4042 pas-fflffw

248 4045 318 4103 tore
341 4062 400 4105 suo
422 4043 566 4109 viduato
614 4046 669 4110 Illi
692 4069 772 4111 vero
805 4047 953 4113 canonici
988 4052 1022 4111 et
1056 4044 1163 4110 clerici
1186 4041 1293 4122 multi,
1306 4041 1458 4095 0f1⁴¹¹¹⁰0¹¹t

247 4143 479 4208 consuetudini
502 4147 693 4232 approbatae
728 4149 909 4213 innitentes
931 4155 966 4213 et
989 4147 1070 4212 certi
1093 4143 1293 4211 contradice-

282 4424 288 4453 ¹
309 4423 340 4473 In
352 4423 396 4473 the
411 4423 511 4490 margin
530 4426 552 4474 is
569 4426 621 4476 this
636 4429 708 4477 mark
726 4429 757 4477 of
773 4450 775 4509 p
797 4427 837 4476 his
853 4427 933 4478 shield
953 4429 983 4477 os
999 4442 1075 4487 arms,
1096 4430 1218 4490 merted,
1235 4428 1292 4487 niz,
1314 4419 1319 4425 ’

246 4509 372 4559 armoe
397 4502 508 4584 940,
525 4511 570 4560 bnt
588 4511 659 4561 there
679 4512 702 4561 ir
718 4527 752 4563 no
772 4516 775 4551 ²
795 4507 981 4572 gule·‚reross
991 4514 1096 4571 manee
1106 4517 1203 4573 argens
1235 4507 1291 4558 The

249 4595 447 4659 conespondr'ng
458 4594 583 4658 marginal
599 4602 658 4644 ηοω
669 4609 698 4644 or
708 4597 751 4644 ad.
797 4600 864 4634 same
880 4585 961 4635 shield
980 4586 1003 4636 ia
1022 4587 1108 4636 drawn
1125 4587 1160 4652 by
1170 4586 1213 4635 the
1224 4585 1292 4635 hand

253 4672 342 4721 dition.
796 4665 1225 4726 orueuh.1²nisu13.‚rolare.

281 4750 291 4780 ²
309 4752 340 4801 In
352 4752 398 4803 the
414 4753 492 4805 lover
506 4755 608 4820 margin
624 4755 648 4805 la
663 4755 750 4806 drawn

1093 4859 1117 4905 n
1141 4843 1161 4904 2
