3278 5610
401 788 450 838 nu
471 788 631 838 remman
654 789 753 836 naurs
776 788 933 853 uurarcr,
956 787 1022 837 urz.
1046 788 1170 836 marn.
1243 774 1304 834 141

260 979 327 1034 que,
348 979 416 1033 quaa
434 961 580 1016 mandatis
607 960 776 1032 apostolicis
795 960 999 1023 adversantur,
1019 959 1190 1028 paternum¹
1210 954 1477 1014 solomanum.

260 1046 410 1108 honorem,
430 1044 572 1100 adversor
590 1051 620 1098 et
638 1044 731 1099 obsto.
778 1043 826 1098 Ad
853 1050 1012 1114 utrumque
1040 1042 1137 1097 enim²
1155 1048 1256 1098 teneor
1274 1060 1309 1097 ex

260 1130 361 1185 divino
378 1128 523 1185 mandato.
559 1130 732 1201 Apostolica
750 1128 830 1183 enim
847 1128 984 1183 mandata
1001 1146 1057 1183 non
1077 1133 1154 1192 sunt,
1174 1145 1227 1183 nec
1246 1145 1310 1183 esse

259 1219 392 1285 possunt,
411 1212 470 1269 alia
488 1230 576 1283 quam
604 1211 821 1283 apostolorum¹
838 1212 988 1275 doctrinae,
1016 1218 1046 1267 ct
1070 1212 1163 1282 ipsius
1192 1211 1310 1265 Domini

260 1297 370 1353 nostri⁴
392 1296 487 1352 Jhesu
506 1296 629 1361 Christi,
649 1297 848 1367 apostolorum
874 1296 1011 1365 magistri
1030 1302 1060 1351 et
1077 1295 1206 1359 Domini,
1226 1295 1311 1365 cujus

261 1380 356 1452 tipum
374 1385 405 1435 et
421 1398 576 1451 personam
598 1380 725 1434 maxime
748 1379 828 1450 gerit
850 1380 881 1433 in
901 1377 1073 1449 gerarchia¹
1092 1377 1244 1434 ecclesias‘
1263 1378 1312 1432 do-

260 1462 357 1520 minus
375 1481 460 1536 papa,
480 1481 606 1520 consona
625 1469 655 1518 et
672 1461 853 1520 conformis]
898 1463 952 1518 Ait
970 1462 1049 1518 enim
1080 1464 1142 1534 ipse
1168 1462 1310 1515 Dominus

261 1552 362 1602 noster
380 1547 490 1602 Jhesus
504 1546 652 1610 Christus,
668 1545 753 1615 “Qui
771 1563 829 1600 non
841 1551 886 1600 est
898 1563 1023 1610 mecum,
1038 1552 1199 1602 contremo
1212 1544 1309 1600 est.'’¹¹

264 1628 373 1686 Contra
390 1631 489 1702 ipsum
507 1635 607 1685 autem
625 1647 678 1685 nec
697 1637 752 1695 est,
772 1647 826 1685 nac
844 1647 910 1684 esse
928 1636 1026 1701 potest
1044 1629 1213 1701 apostoncae
1232 1628 1311 1685 sedis

264 1714 405 1770 sauctitas
423 1714 618 1770 divinissima.
656 1713 724 1768 Non
750 1719 796 1769 est
822 1713 916 1784 igitur
933 1712 1083 1784 praedicta)
1101 1713 1208 1768 litteras
1227 1719 1311 1767 tenor

263 1796 430 1869 apostolicas
448 1797 599 1852 sanctitati
617 1813 770 1860 consonus,
791 1796 844 1851 sed
861 1796 988 1852 absonus
1006 1795 1167 1867 plurimum
1197 1801 1226 1851 et
1251 1795 1310 1850 dis·

263 1897 338 1936 cors.
375 1879 486 1945 Primo,
501 1880 572 1951 quia
589 1879 625 1935 de
643 1878 725 1935 illius
743 1879 851 1934 litteras
870 1886 900 1934 et
918 1879 964 1934 ei¹
984 1879 1180 1935 consimilium
1191 1878 1211 1911 ¹⁰
1222 1879 1310 1951 longe

262 1963 382 2035 lateque
400 1963 602 2034 dispersarum
627 1962 913 2033 super-accumulato
940 1963 1035 2018 “Non
1064 1963 1228 2028 obstante,''
1253 1980 1311 2018 nou

263 2064 299 2102 cx
328 2046 406 2117 legis
436 2046 582 2101 naturalis
612 2045 801 2101 observandas
837 2046 1013 2101 necessitate
1049 2046 1179 2110 inductu,
1218 2053 1312 2102 scatet

262 2128 471 2186 cathaclismua
490 2130 702 2194 inconstantiae,
723 2129 852 2184 audaciae
872 2135 902 2183 et
922 2129 1120 2198 procacitatis,
1140 2130 1311 2185 inverecun-

261 2212 318 2267 diae
330 2211 350 2244 ¹¹
371 2212 540 2277 mentiendi,
561 2211 715 2276 fallendi,¹¹
738 2211 931 2266 diffidenter¹³
952 2211 1070 2267 alioui¹⁴
1094 2212 1242 2276 credendi,
1262 2212 1310 2268 vel

260 2293 348 2350 fidem
366 2293 539 2361 adhibendi,
566 2301 596 2350 et
613 2312 649 2349 ex
666 2294 725 2350 hiis
743 2295 986 2366 consequentium
1003 2296 1154 2360 vitiorum,
1182 2313 1308 2367 quorum

259 2395 317 2433 non
335 2384 381 2433 est
397 2395 547 2443 numerus,
568 2378 744 2433 Christiana¹
774 2378 927 2448 religionis
946 2378 1115 2451 puritatem,
1137 2387 1167 2433 et
1193 2378 1310 2433 socialis

260 2461 490 2517 conversationis
508 2461 660 2516 homiuum
678 2461 925 2532 tranquillitatem
944 2479 1129 2517 commovens
1148 2468 1179 2517 et
1195 2468 1311 2532 pertur-

260 2545 343 2600 bans.
380 2545 538 2607 Praeterea,
559 2550 625 2615 post
648 2551 802 2615 peccatum
830 2544 971 2610 Luciferi,
993 2545 1071 2615 quod
1097 2545 1177 2600 idem
1203 2546 1260 2600 erit
1277 2547 1308 2599 in

261 2618 318 2682 flsie
347 2633 512 2697 temporum
549 2626 643 2698 ipsius
680 2627 733 2682 filii
763 2627 939 2697 perditionis
969 2627 1156 2692 Antichristi,
1190 2631 1209 2655 “
1222 2645 1310 2699 quem

260 2710 419 2766 interficiet
436 2709 580 2764 Dominus
599 2709 707 2779 spiritu
725 2710 785 2765 oris
805 2708 904 2775 sni,’'¹‘
921 2717 1046 2775 nonest,
1060 2728 1114 2766 nec
1133 2728 1198 2767 esse
1216 2718 1313 2782 potest

261 2793 388 2849 alterum
407 2809 501 2864 genus
519 2791 633 2863 peccati
651 2798 712 2848 tam
730 2791 887 2848 adversum
913 2800 944 2848 ct
968 2795 1147 2849 contrarium
1166 2795 1310 2865 apostolo-

260 2894 327 2931 rum
354 2875 494 2930 doctrinm
519 2881 550 2930 et
568 2875 755 2947 evangelice,
775 2885 806 2930 et
814 2875 834 2908 ¹⁶
852 2877 910 2947 ipsi
929 2876 1055 2932 Domino
1080 2878 1175 2933 Jhesu
1193 2877 1311 2934 Christo

260 2965 322 3016 tam
346 2958 463 3023 odibile,
484 2959 668 3025 detestabile,
698 2965 728 3014 et
754 2959 845 3016 tam¹⁷
864 2961 1069 3025 abominabile,
1091 2979 1180 3032 quam
1198 2963 1311 3017 animas
1392 2953 1396 2958 ’

298 3239 458 3304 lpotemsm]
471 3239 633 3303 parentalem,
641 3239 709 3292 coa.
717 3242 768 3290 and
811 3241 894 3291 Paris:
913 3245 928 3268 “
938 3257 983 3306 per
1000 3242 1048 3291 hoc
1060 3243 1127 3305 quod
1147 3241 1240 3294 dicitur
1255 3261 1312 3293 cou-

262 3318 310 3368 Ln
345 3319 374 3367 Iu
393 3317 459 3368 Cott
477 3317 547 3367 there
564 3319 586 3368 is
606 3334 622 3368 a
641 3319 767 3384 marginal
810 3318 930 3379 similium,
942 3321 1081 3371 involvitur
1091 3322 1311 3385 reprehensione

262 3397 339 3461 glosa,
352 3395 433 3457 idest,
442 3404 578 3460 paternam.
788 3399 896 3459 ,tacita
908 3401 939 3449 de
951 3399 1041 3460 usuris,
1054 3401 1168 3465 symonia
1182 3410 1207 3451 et
1217 3402 1312 3467 rapina,

296 3473 400 3540 ²erim]
431 3474 507 3524 After
530 3474 580 3525 this
604 3478 676 3526 word
700 3475 767 3527 Cott.
812 3492 868 3539 quae
886 3477 914 3525 fit
934 3493 979 3541 per
998 3478 1166 3537 Provisioues,
1179 3496 1241 3546 quas
1261 3483 1313 3531 Ro·

263 3554 370 3604 andlan
380 3552 466 3614 insert,
479 3551 589 3603 similiter
600 3562 624 3604 et
634 3553 766 3618 equaliter.
811 3570 886 3604 mana
903 3556 981 3607 Curia
998 3558 1131 3608 committit
1148 3560 1312 3624 impudenter.
1340 3561 1346 3572 ’

297 3632 308 3665 ³
328 3631 500 3698 apostohwm]
521 3633 675 3696 apostolicae,
688 3633 719 3686 Ε.
813 3632 936 3698 Cogitque
947 3650 994 3684 nos
1005 3637 1109 3686 subdere
1117 3637 1183 3687 colla
1193 3639 1313 3688 usurariis

296 3711 416 3776 *πυκνῇ
438 3711 494 3761 Om.
506 3710 554 3760 Lu
812 3727 869 3762 suas
884 3728 929 3776 per
940 3715 1120 3778 oppressiones.
1155 3716 1240 3767 Usura
1256 3733 1313 3781 pro-

297 3788 468 3853 ⁵peraretis]
489 3788 678 3851 SoalsoCott;
691 3791 767 3842 ierar-
811 3790 884 3851 fecto,
897 3806 971 3855 quam
988 3795 1106 3858 exemplo
1125 3794 1199 3848 etiam
1221 3797 1314 3845 Roma-

264 3867 330 3925 chis,
341 3867 370 3916 a
383 3868 431 3917 aad
448 3865 538 3917 cheth.
572 3868 604 3918 In
620 3885 667 3920 our
678 3869 735 3922 Ma.
753 3885 768 3922 a
812 3885 903 3919 norum
914 3870 973 3921 laici
984 3881 1153 3930 excerperent,
1165 3873 1192 3921 in
1209 3881 1313 3935 utroque

264 3947 327 3994 later
345 3945 415 3994 hand
431 3945 476 3994 has
494 3944 636 4005 interlined.
655 3952 670 3976 “
680 3948 706 3998 id
723 3958 768 4008 est,
813 3948 974 4000 Testamenta
984 3950 1159 4013 prohibetur.''

265 4022 409 4087 potestate.”
846 4026 863 4058 ¹¹
884 4027 1084 4094 inverecundia]
1129 4030 1313 4091 inverecunde,

299 4101 310 4133 ¹
328 4098 446 4168 ecclesia]
460 4103 635 4164 ecclesiastica,
644 4105 769 4156 Cottaud
813 4104 898 4164 cott.;
916 4105 992 4155 etiam
1003 4106 1198 4168 inverecundia,
1208 4107 1256 4157 Lu.

265 4181 313 4230 Lu
847 4182 866 4214 ¹²
875 4181 1000 4249 sollertis]
1021 4191 1047 4234 et
1057 4185 1166 4246 fallendi,
1177 4186 1224 4235 Lu.

299 4257 470 4324 ⁷conformis]
507 4259 642 4321 conforma,
662 4259 768 4320 cheth.;
847 4259 1183 4328 ¹³dffdenter]diffidentiae,
1191 4265 1257 4317 cott
1265 4269 1315 4317 aud

265 4335 412 4395 conformia,
424 4336 472 4385 Lu.
790 4380 792 4387 .
813 4339 860 4388 Lu.
872 4361 879 4398 ;
899 4338 1047 4401 diffideucio,
1059 4340 1148 4392 cheth.

298 4414 415 4465 rmtn.
429 4415 473 4465 xn.
486 4421 527 4464 ω.
790 4396 793 4488 ξ
848 4415 866 4447 ¹⁴
880 4414 971 4481 aaut]
990 4419 1115 4483 cuiquam,
1127 4419 1192 4473 eoa
1204 4425 1314 4477 nanu.

298 4494 308 4525 ¹
326 4494 362 4558 es]
381 4494 488 4544 aliarum
498 4492 529 4554 ei,
542 4492 588 4542 Lu
791 4496 793 4553 fi
848 4496 867 4527 ¹¹
884 4496 999 4548 2'I'lress.
1011 4498 1038 4549 ii.
1049 4505 1072 4550 8.

300 4572 320 4605 ¹⁰
336 4572 507 4638 consimilium]
530 4572 558 4621 ln
571 4570 637 4622 Cata
656 4571 771 4623 taddeo
790 4592 793 4657 Ι
848 4573 868 4606 ¹⁸
884 4575 1042 4646 warpdicae]
1061 4583 1216 4646 evangelice,
1227 4585 1284 4637 118.

265 4652 317 4702 this
345 4651 469 4717 marginal
498 4659 557 4702 note
584 4652 619 4717 by
648 4651 768 4703 Matthetv
848 4652 868 4689 ¹7
885 4655 946 4720 tun]
967 4655 1024 4708 Om.
1039 4657 1077 4719 E,
1090 4658 1296 4716 chethandLu.
