3278 5610
371 724 437 786 254
459 735 625 794 usrrnm
647 731 859 784 rsursrnsars
879 732 1112 784 marsuano
1133 733 1396 786 cnsosroonusu
1459 700 1465 711 ⁶

202 905 651 981 AD.1220.[Wigorniensem]¹
673 908 920 973 archidiaconum,
942 913 972 964 et
996 908 1106 963 iterum
1132 907 1284 971 Thomam,
1314 923 1418 962 eorum

202 1013 330 1049 successor
370 993 508 1066 priorem,
542 1011 615 1064 quos
645 1010 697 1047 rex
725 991 901 1063 quibusdam
927 991 1042 1047 frivolis
1070 991 1288 1063 exceptionibus
1306 991 1419 1047 casem

203 1080 300 1116 iim·
370 1078 548 1153 procurevit.
601 1076 772 1132 Pullulante
798 1082 868 1132 tuno
895 1077 1036 1147 temporis
1060 1077 1168 1132 haeresi
1196 1075 1417 1146 Albigensium,

203 1132 333 1247 ffifllnbl
368 1180 420 1218 m
446 1162 625 1218 Francorum
655 1161 838 1226 Ludovvieus,
859 1179 947 1232 super
973 1160 1053 1232 ipsos
1084 1176 1171 1216 cruce
1197 1160 1342 1231 signatus,
1371 1157 1419 1215 dio

227 1283 258 1328 28
269 1237 333 1345 Ma}
368 1246 557 1302 Ascensionis
576 1245 737 1302 exercitum
755 1263 842 1301 suum
860 1251 891 1301 et
908 1263 994 1301 cruce
1013 1245 1195 1316 signatorum
1214 1243 1417 1316 congregavit,

204 1317 340 1424 Theking'
369 1336 404 1386 ut
428 1330 541 1386 Christi
567 1329 707 1400 injuriam
733 1328 805 1385 illuc
835 1328 983 1385 hostiliter
1012 1328 1109 1384 iturus
1138 1328 1311 1384 vindicaret.
1361 1325 1419 1396 Qui

204 1424 338 1477 0meoe
370 1419 567 1486 congregabas
594 1414 758 1469 aestimatus
785 1419 832 1469 est
855 1413 894 1468 ad
920 1413 941 1468 l.
969 1413 1054 1468 milia
1077 1413 1205 1468 militum
1224 1419 1255 1468 et
1272 1412 1416 1484 equiturn,

203 1493 325 1570 marphe&
369 1504 477 1569 praeter
495 1497 609 1568 pedites
627 1496 865 1552 innumerabiles.
902 1496 1033 1567 Legatos
1050 1512 1131 1560 vero,
1158 1496 1312 1567 inprimis
1330 1495 1420 1552 comi·

204 1563 300 1675 ⁰⁸³¹¹²t⁸t
308 1555 353 1674 ξω
368 1589 429 1637 tem
446 1581 643 1637 Tholosanum
661 1586 690 1636 et
707 1598 807 1636 omnes
833 1580 897 1650 ejus
925 1581 1054 1636 fautores
1081 1580 1198 1651 publice
1223 1579 1419 1635 excommnni-

203 1639 337 1744 ffioffae·
368 1684 446 1731 cans,
461 1671 553 1722 totam
570 1673 680 1722 terram
699 1684 783 1722 suam
801 1665 956 1737 supposuit
972 1664 1138 1730 interdicto,
1152 1665 1222 1720 licet
1239 1665 1304 1736 ipse
1321 1681 1418 1721 comes

203 1768 276 1834 siege
286 1772 317 1819 01·
369 1750 567 1807 omnimodam
592 1749 745 1807 humiliter
776 1749 1003 1806 satisfactionem
1029 1749 1193 1821 optulisset.
1242 1749 1419 1805 Arinionem

204 1836 333 1903 Arignon.
369 1835 463 1906 igitur
480 1834 654 1906 perveniens
671 1852 724 1889 rex
742 1851 809 1890 cnm
827 1833 966 1899 exercitu,
994 1850 1062 1889 oum
1087 1832 1249 1904 denegatus
1267 1833 1295 1887 ei
1314 1832 1421 1889 fuisset

370 1919 498 1976 civitatis
517 1919 678 1991 ingressus,
703 1919 796 1974 iratus
824 1917 939 1974 obsedit
964 1935 1047 1984 eam3
1067 1918 1119 1972 ubi
1137 1919 1231 1974 factus
1250 1917 1309 1973 fuit
1325 1917 1419 1973 assul-

368 2010 416 2060 tus
428 2007 599 2069 acerrimus,
614 2003 685 2059 dum
705 2043 712 2058 .
735 2043 741 2060 .
764 2046 770 2059 .
790 2004 896 2068 valeat,
913 2001 1113 2076 [experitur].²
1150 2004 1284 2075 Cumque
1299 2010 1417 2076 tempus
1429 2003 1526 2055 11)ἰὰἰί

368 2089 512 2145 inutiliter
529 2089 759 2160 protraheretur,
773 2095 947 2160 procurante
966 2089 1071 2143 comite
1090 2088 1263 2153 Tholosano,
1279 2087 1416 2145 delicien-
1430 2074 1487 2122 ²⁸⁷·

369 2172 448 2228 tibus
460 2171 616 2237 alimentis,
629 2171 780 2226 hominum
792 2172 822 2226 in
835 2172 965 2227 exercitu
977 2173 1132 2227 innumera
1146 2172 1236 2243 pariit
1246 2171 1416 2228 multitudo.

204 2249 282 2329 19³5ss
292 2265 331 2300 re·
369 2254 460 2311 Fame
480 2296 487 2312 .
509 2294 516 2312 .
538 2293 544 2312 .
565 2256 709 2311 exercitus
735 2255 833 2320 nimis,
864 2254 935 2311 licet
963 2255 1048 2311 valde
1078 2272 1260 2312 numerosus.
1310 2256 1417 2312 Diver-

205 2324 321 2433 ἷξξζῖθ
369 2345 449 2397 tento
479 2340 573 2411 igitur
597 2357 668 2411 rege
692 2339 730 2396 ad
755 2338 900 2411 quandam
931 2339 1079 2396 abbatiam
1107 2358 1165 2396 non
1194 2341 1321 2396 multum
1345 2340 1414 2397 inde

204 2398 340 2499 offfomff'
370 2423 536 2489 dismtem,
555 2423 759 2494 Mnntpanoier
776 2428 919 2488 vocatam,
938 2428 972 2478 ut
989 2423 1041 2490 ibi,
1061 2423 1150 2480 donec
1169 2431 1323 2495 caperetur
1347 2424 1419 2481 civi·

205 2516 314 2579 pascier.
371 2514 426 2573 tas,
447 2513 477 2564 at
493 2509 558 2579 ipse
576 2507 696 2562 interim
714 2507 885 2578 respiraret,
908 2507 990 2564 venit
1014 2508 1051 2564 ad
1070 2526 1137 2563 eum
1154 2509 1226 2565 illuc
1244 2507 1417 2574 isenricus·

371 2607 467 2647 comes
487 2591 729 2663 campaniensis.
745 2629 753 2647 .
768 2633 775 2645 .
791 2590 972 2647 .remeandi.
1019 2591 1102 2661 Quod
1120 2610 1188 2647 oum
1205 2610 1257 2647 rex
1274 2611 1333 2648 non
1350 2610 1417 2648 con·
1428 2585 1532 2638 Ῑδὶᾶ-ἱί·

371 2675 516 2738 cessisses,
535 2674 739 2745 multiplicatis
757 2674 826 2730 hino
844 2674 983 2731 convicia
1002 2681 1032 2730 sc
1048 2676 1125 2740 inse,
1142 2676 1259 2732 andem
1276 2692 1417 2749 prorupe-
1429 2658 1488 2704 ²⁸⁸·

370 2764 441 2814 runt
456 2757 547 2813 verba
564 2758 595 2813 in
612 2758 762 2813 infamiam
780 2757 929 2814 Blanohise
940 2760 1051 2831 regines
1063 2760 1202 2832 probrose
1214 2759 1417 2817 redundantia.

371 2841 452 2898 Ireto
469 2842 562 2913 igitur
579 2859 652 2913 rege
669 2842 866 2909 vehementer,
887 2843 978 2898 febris
1005 2844 1101 2914 magis
1120 2844 1304 2910 accenditun
1324 2850 1362 2911 et,
1382 2850 1418 2903 ut
1445 2823 1491 2875 ¹³⁰¹·
1503 2829 1547 2877 ⁵⁸¹

205 2921 347 2978 Eisdealh.
371 2926 488 2992 dieitur,
517 2925 613 2981 eidem
640 2926 706 2997 regi
731 2944 843 2983 veneno
867 2929 1029 3000 propinato,
1050 2927 1208 2984 declinavit
1225 2929 1262 2984 ad
1280 2935 1414 2986 mortem.

372 3008 435 3078 Quo
460 3016 583 3075 mortuo,
615 3025 712 3066 comes
741 3010 835 3066 iratus
861 3012 1001 3069 recedens
1028 3011 1176 3082 jactitavit
1206 3030 1238 3068 se
1264 3013 1338 3068 iram
1368 3014 1417 3070 vel

250 3155 256 3167 ‚
370 3095 465 3150 minas
483 3095 564 3166 regis
581 3094 702 3150 minime
714 3094 892 3164 sormidam
912 3096 989 3151 unde
1007 3101 1075 3150 nota
1092 3095 1129 3151 de
1146 3104 1240 3152 morte
1260 3098 1340 3168 regis
1359 3115 1418 3153 non

205 3156 331 3274 ffssnffi
371 3180 555 3235 mediocriter
573 3179 791 3250 denigrabatur.
829 3180 869 3237 Et
886 3181 956 3237 dnm
977 3181 1058 3251 regis
1084 3197 1164 3236 mors
1191 3182 1336 3238 celaretur
1362 3200 1416 3255 per

204 3239 444 3356 „gffiughviiiu
472 3265 545 3330 dies,
565 3264 681 3335 legatus
709 3265 869 3336 proditiose
897 3265 1046 3320 civitatem
1064 3265 1185 3332 intrans,
1213 3268 1267 3322 sub
1294 3267 1361 3323 dolo
1380 3273 1409 3324 et

204 3355 342 3433 neeohery.
370 3347 522 3403 mendacio
539 3365 604 3404 eam
622 3347 742 3404 Francis
761 3348 939 3420 subjugavit.
978 3348 1069 3420 Regis
1088 3355 1187 3405 autem
1204 3350 1367 3407 visceribus
1385 3353 1416 3407 in

205 3421 358 3501 C0l0¹1¹ff¹¹0¹¹
371 3433 512 3504 praedicta
528 3432 645 3488 abbatia
662 3432 823 3498 tumulatis,
837 3451 942 3505 corpus
961 3433 1150 3504 solempnius,
1164 3440 1199 3490 ut
1215 3436 1323 3501 decuit,
1337 3436 1416 3493 dela-

203 3489 319 3605 ffifflum
370 3521 433 3571 tum
452 3522 498 3572 est
515 3515 723 3588 sepeliendum.
761 3516 906 3573 Defuncto
924 3518 1016 3590 igitur
1034 3535 1105 3589 rege
1123 3514 1287 3584 Ludorvico,
1301 3520 1414 3592 regina,

226 3594 328 3687 sbNov
371 3600 407 3655 de
426 3599 547 3656 oonsilio
565 3599 656 3671 legati
682 3606 712 3656 et
736 3598 868 3656 Fraude
895 3607 1075 3672 magnatum,
1104 3603 1175 3658 feoit
1200 3604 1294 3659 filium
1319 3623 1414 3670 suum,

205 3675 336 3767 δῶτ’
370 3700 495 3755 puerum
512 3685 562 3741 vix
579 3681 747 3748 decennem,
767 3682 815 3738 dic
833 3684 926 3739 saneti
944 3683 1070 3740 Andreae
1094 3685 1125 3740 in
1150 3703 1252 3757 regem
1271 3691 1414 3745 coronari.

202 3797 318 3832 mmm
371 3767 444 3824 Orta
472 3774 543 3824 tuno
571 3766 720 3839 temporis,
741 3784 825 3822 secus
857 3785 944 3839 quam
974 3766 1099 3832 deceret,
1121 3769 1212 3825 felsa⁴
1239 3772 1360 3827 infamia
1379 3774 1415 3830 de

203 3848 346 3914 moestius
369 3849 519 3924 pudicitia
544 3849 664 3907 laesione
683 3849 760 3906 inter
778 3850 912 3921 legatum
938 3855 968 3907 et
995 3852 1128 3923 reginam
1153 3853 1336 3922 Blanchiam,
1356 3855 1415 3913 dis·

204 3914 340 3981 ΜΨ
370 3954 457 4008 perso
474 3943 520 3992 est
537 3933 750 3991 Parisiensium
768 3933 925 3991 scolarium
943 3934 1130 4001 universitas,
1159 3955 1270 3994 necnon
1297 3945 1326 3995 et
1349 3958 1416 4012 pro·

203 3982 345 4103 {nlgffln
371 4037 471 4077 oerum
488 4020 621 4075 Francia
640 4019 672 4073 fit
690 4018 865 4074 dissidium⁸
883 4037 940 4074 non
958 4019 1113 4075 mediocre.
1159 4021 1224 4077 Hoc
1237 4023 1325 4079 etiam
1338 4040 1413 4079 anno

373 4146 379 4163 .
402 4147 409 4161 .
431 4145 437 4161 .
457 4109 539 4162 ortus
558 4110 612 4169 est,
631 4103 774 4174 migravit
790 4103 828 4159 ad
846 4103 1005 4159 Christum.
1052 4105 1153 4177 quue
1171 4125 1246 4162 anno
1264 4107 1416 4165 Falsasius
1428 4108 1494 4158 lbid
1505 4107 1532 4160 ii.

1428 4180 1485 4226 291.

404 4330 412 4362 ¹
435 4328 636 4397 Wipcmicascm]
655 4329 772 4380 Ablsnls
787 4329 810 4380 is
826 4329 871 4381 lest
948 4331 1114 4398 3Ηωινὶοιω]
1146 4334 1208 4385 This
1236 4336 1259 4386 is
1284 4352 1315 4386 an
1337 4352 1414 4389 error.

370 4408 429 4460 berc
440 4409 467 4458 in
483 4409 526 4459 the
542 4408 599 4460 MS.
633 4408 680 4460 See
694 4417 751 4460 note
763 4408 790 4459 in
800 4408 870 4461 Hbs.
915 4411 962 4462 See
973 4417 1031 4462 note
1041 4411 1069 4461 in
1081 4412 1149 4464 Hier.
1162 4414 1233 4479 Arpi.
1246 4415 1272 4466 ii.
1285 4422 1341 4466 288.

372 4487 445 4550 Anql.
457 4486 484 4537 ii.
497 4493 554 4537 286.
949 4491 1197 4559 ⁴quom...solso]
1212 4495 1415 4547 Onunerasure.

404 4565 415 4597 ²
431 4567 569 4633 experitur]
591 4567 708 4633 Supplied
719 4568 785 4619 from
801 4565 869 4618 Hac
948 4570 959 4602 ⁶
975 4571 1112 4637 discidium]
1132 4573 1273 4638 discidium,
1284 4576 1339 4628 ΜΒ.

373 4642 446 4709 Aayl.
