3278 5610
371 739 619 802 tertulinum
640 744 855 797 ramsmrsrs
875 743 1110 795 manamine
1132 742 1403 795 cnacmooamu

203 922 270 977 AD.
285 928 357 977 late.
370 917 440 973 belli
458 925 543 989 terga
560 917 661 971 dantes
681 917 750 971 facti
769 921 837 971 sunt
854 917 890 971 de
903 917 1006 971 amicis
1025 917 1155 982 inimiei;
1175 916 1254 971 unde
1266 914 1426 971 eanredus

369 1003 464 1059 rictus
483 1004 520 1057 ad
536 1009 651 1074 patrem
679 1001 824 1072 inglorius
849 1003 1001 1057 remeavit.
1048 1001 1233 1059 Reimundi.
1256 1042 1263 1055 .
1283 1040 1291 1058 .
1312 1000 1423 1064 minor,
1437 994 1569 1047 lbiffl&

370 1088 506 1142 maritata
533 1091 579 1142 est
599 1127 605 1140 .
627 1126 661 1140 ..
687 1086 852 1150 Provincia,
873 1104 939 1156 qna
966 1104 1027 1143 aua
1046 1088 1136 1143 cessit
1159 1086 1273 1142 ditioni.
1313 1084 1424 1141 Comes
1452 1079 1560 1131 folm-

371 1170 524 1225 Sabaudim
544 1211 550 1223 .
574 1211 579 1222 .
603 1211 608 1222 .
631 1211 637 1222 .
659 1169 729 1224 fecit
755 1169 925 1239 homagium
953 1176 983 1224 et
1012 1169 1183 1224 fidelitatem
1208 1169 1327 1224 domino
1352 1167 1422 1237 regi

369 1254 486 1326 Anglia
510 1255 541 1309 in
566 1272 654 1309 manu
682 1253 893 1325 archiepiscopi
918 1254 1081 1318 memorati,
1101 1271 1168 1309 cum
1191 1254 1360 1324 juramento
1391 1257 1423 1304 et

370 1338 438 1394 tidei
464 1338 693 1408 interpositione.
741 1337 884 1392 Dominus
909 1355 962 1392 rex
993 1379 999 1391 .
1033 1379 1040 1392 .
1075 1381 1081 1393 .
1116 1382 1123 1392 .
1151 1338 1289 1401 Maenia,
1322 1336 1423 1393 balteo

371 1464 377 1477 .
400 1465 406 1477 .
429 1463 435 1476 .
455 1464 462 1476 .
483 1423 655 1493 rogitantes,
687 1422 819 1476 exaudiri
848 1428 1027 1477 meruerunt.
1066 1423 1129 1477 Rex
1147 1421 1310 1492 precibus.
1333 1463 1340 1474 .
1363 1459 1370 1475 .
1390 1419 1423 1475 in
1434 1417 1570 1471 Ibit-ffl-

369 1525 457 1562 manu
475 1507 567 1561 iratus
585 1510 728 1570 tenuerat,
748 1505 888 1569 restituit,
918 1511 948 1559 et
972 1506 1070 1576 ipsum
1093 1505 1124 1560 in
1142 1505 1270 1575 gratiam
1295 1505 1420 1574 recepit.

205 1599 342 1651 canonisa-
369 1591 424 1645 Die
445 1607 515 1646 vero
534 1588 731 1661 apestolorum
751 1629 891 1643 .......
913 1589 1067 1659 fugitivus.
1106 1589 1216 1644 Beatus
1234 1587 1420 1656 Edrnuodus,
1432 1586 1575 1639 Ibstiiill·

203 1666 256 1716 ¹5⁰⁰
268 1666 343 1715 ⁰¹⁸⁸&
369 1675 586 1732 cantuariensis
605 1674 841 1745 archiepiscopus
860 1679 891 1728 et
907 1674 1056 1728 consessor
1068 1674 1225 1743 gloriosus,
1239 1674 1421 1728 clarescente

203 1733 326 1782 mmm
369 1760 520 1831 signorum
550 1757 749 1821 multitudine,
776 1757 971 1812 canonizatur.
1021 1757 1158 1812 Canonici
1186 1757 1420 1813 Saresbirienses

371 1886 377 1898 .
401 1885 407 1898 .
429 1885 435 1897 .
457 1845 487 1897 in
514 1860 594 1913 rogo,
624 1841 650 1896 si
675 1841 766 1895 alium
784 1859 873 1912 qnam
898 1842 1026 1896 aulicum
1045 1842 1213 1911 elegissent,
1234 1841 1420 1897 willelmum
1432 1830 1573 1880 ffiffist·

371 1928 407 1982 de
419 1927 559 1992 Eboraoc,
573 1926 654 1997 ragis
673 1926 812 1981 clericum
832 1925 987 1996 specialem
1005 1932 1035 1980 et
1052 1926 1251 1981 consiliarium
1265 1926 1421 1981 Beverlaci

373 2053 379 2066 .
402 2053 408 2066 .
431 2052 437 2065 .
466 2027 594 2074 suarum,
620 2011 691 2066 licet
715 2011 823 2065 multos
851 2011 1091 2081 competentiores
1117 2015 1236 2080 possent
1258 2010 1419 2075 invenisse,

371 2103 518 2168 pastorem
543 2097 706 2165 elegerunt.
745 2094 890 2149 Defuncto
908 2095 965 2166 pia
983 2095 1132 2149 memoriae
1156 2093 1292 2159 Ricardo,
1313 2094 1420 2149 abbate

373 2220 379 2233 .
408 2220 415 2234 .
444 2220 451 2234 .
480 2221 486 2233 .
513 2178 759 2242 archidiaconum,
792 2178 849 2233 sibi
877 2178 970 2248 elegit
998 2179 1030 2232 in
1060 2177 1203 2234 abbatem.
1247 2177 1420 2249 Eodemque

371 2281 446 2319 anno
464 2263 564 2335 plures
583 2268 735 2334 magnates
753 2262 840 2333 regni
857 2262 975 2333 Anglise
994 2263 1030 2316 ab
1048 2263 1103 2316 hoc
1122 2263 1220 2317 seculo
1237 2302 1419 2317 .......

205 2362 326 2415 manos
371 2349 496 2403 clericus
515 2353 545 2403 et
570 2347 755 2403 consiliarius
783 2346 930 2417 specialis.
979 2346 1063 2411 Item,
1091 2347 1241 2401 comitissa
1266 2346 1420 2411 Marabius,

205 2432 335 2480 theeoun-
371 2439 464 2487 mater
490 2431 580 2503 regis,
610 2431 756 2502 quondam
781 2430 886 2500 ragina
902 2429 1029 2500 anglio,
1060 2448 1124 2501 (pum
1152 2431 1296 2485 moritura
1319 2431 1421 2487 velum

204 2506 255 2548 Μ’
266 2495 295 2545 ⁰f
342 2517 501 2611 dsuscepit
518 2514 747 2578 sanctimoniale,
768 2520 798 2569 et
815 2514 951 2584 desuper,
972 2515 1042 2584 quia
1060 2514 1172 2585 regina,
1192 2532 1337 2571 coronam.
1382 2515 1422 2571 Et

204 2564 340 2680 ww
371 2600 486 2672 sepulta
503 2605 549 2655 eat
567 2599 645 2670 apud
663 2597 940 2661 Fontem-Ebmndi,
967 2604 1049 2653 extra
1070 2597 1233 2652 ecelesiam.
1271 2596 1355 2655 Obiit
1378 2598 1422 2655 in·

371 2702 459 2756 super
478 2684 654 2739 comitissa.
677 2723 683 2736 .
706 2721 713 2737 .
733 2681 888 2737 Galerreia.
1435 2673 1575 2724 Mili-¹&

406 2845 608 2893 metuuntur.
646 2834 708 2891 Rex
736 2832 912 2906 H[enrieus]
939 2833 1008 2898 111..
1029 2851 1103 2888 anno
1132 2833 1218 2905 regni
1246 2833 1292 2888 sui
1320 2834 1421 2898 xx1i⁰.,

372 2923 467 2979 tenuit
493 2921 606 2976 curiam
624 2937 708 2975 suam
728 2960 734 2972 .
751 2959 801 2972 ...
823 2919 977 2990 episcopus
995 2919 1088 2988 ipsius
1107 2917 1234 2972 civitatis
1252 2917 1423 2975 Willelmus
1435 2929 1472 2978 Η.
1483 2928 1558 2978 nui

371 3005 552 3062 laetabundus
579 3046 586 3060 .
608 3046 615 3058 .
636 3046 644 3059 .
664 3004 800 3075 episcopo
828 3003 858 3056 in
883 3003 958 3057 festo
984 3000 1165 3057 imminenti¹
1187 3001 1331 3072 prandere
1356 3002 1424 3074 dig·
1438 3001 1477 3045 ¹⁵·

372 3098 490 3147 naretm
512 3129 694 3144 .......
724 3087 874 3141 dominum
904 3087 1001 3159 ipsum
1032 3103 1133 3156 regem
1156 3127 1162 3138 .
1185 3127 1191 3140 .
1215 3128 1221 3139 .
1251 3086 1424 3159 episcopum

372 3174 507 3231 suumin
526 3173 682 3244 praesentia
701 3214 708 3226 .
730 3214 736 3225 .
759 3213 765 3223 .
785 3189 946 3226 revocasse.
992 3170 1028 3223 In
1046 3170 1173 3224 crastino
1192 3189 1263 3224 vero
1282 3171 1424 3227 Purifica

372 3260 459 3314 tionis
486 3258 579 3312 beatur
601 3256 714 3321 Mariae,
734 3260 910 3310 coniecerat
938 3294 1058 3308 .....
1088 3255 1221 3308 eeclesiae
1249 3255 1580 3327 imperiosaslbidiiilt.

371 3343 581 3416 postulationes
601 3341 731 3412 pecuniis
750 3340 892 3393 violenter
905 3339 1119 3409 extorquendis.
1157 3339 1285 3393 Tandem
1304 3340 1361 3393 de.
1385 3383 1392 3394 .
1415 3383 1422 3393 .

372 3425 543 3497 gravamina
569 3425 653 3494 regui
680 3422 796 3477 domine
824 3440 907 3494 papie
934 3464 940 3474 .
963 3464 970 3474 .
991 3465 997 3474 .
1022 3464 1028 3474 .
1058 3440 1092 3475 ex
1119 3436 1202 3493 parte
1221 3425 1425 3479 universitatis
1453 3428 1498 3478 fel.
1511 3427 1567 3478 Πὸ.

373 3511 443 3564 cleri
463 3518 493 3564 et
510 3510 611 3580 populi
630 3508 743 3561 eminus
756 3506 922 3561 ostensuri:
945 3518 963 3530 ‘⁸
979 3505 1170 3560 sanctissimo
1200 3550 1205 3560 .
1229 3551 1234 3560 .
1258 3507 1351 3561 .cleri
1370 3526 1425 3579 per
1437 3520 1582 3570 lemtim.

372 3594 553 3665 provinciam
579 3592 821 3647 Cantuarieusem
852 3591 1019 3651 constituta,
1049 3589 1154 3644 devota
1173 3631 1180 3644 .
1201 3634 1207 3643 .
1231 3632 1237 3643 .
1266 3591 1424 3656 eeclesia,''

373 3776 429 3818 etc.
468 3761 597 3831 Require
617 3665 746 3912 W?
790 3759 827 3812 In
851 3759 908 3812 fine
927 3777 996 3812 vero
1015 3759 1164 3830 epistota:
1187 3759 1336 3814 “latorea
1357 3801 1363 3813 .
1386 3802 1393 3813 .
1416 3801 1425 3816 .

375 3975 380 3985 .
403 3974 409 3984 .
433 3974 439 3985 .
463 3972 468 3984 .
490 3928 705 3997 lassaigniae-ss*
755 3928 899 3982 Similiter
926 3942 956 3981 et
980 3927 1177 3981 cardinalibus
1204 3930 1346 3999 scriptum
1366 3944 1424 3987 est.

207 4018 314 4082 Feltign
382 4019 434 4075 sed
459 4017 533 4072 nihil
559 4015 679 4070 remedii
698 4024 744 4070 est
770 4028 968 4073 consecutum.
989 4016 1041 4069 sed
1068 4017 1094 4069 si
1112 4017 1194 4087 prius
1213 4016 1316 4084 virgis,
1336 4017 1426 4073 medo

206 4084 283 4161 Νη
372 4102 573 4174 scorpionibus
585 4118 637 4154 niis
650 4099 762 4154 credere
775 4118 831 4153 non
843 4101 1004 4154 cessabant.
1036 4099 1097 4153 Rex
1111 4102 1179 4154 t'eeit
1192 4102 1323 4154 maritari
1336 4120 1425 4170 quas·

206 4151 352 4265 mamm
373 4189 440 4243 dam
458 4186 571 4257 puellas
593 4185 809 4241 ultramarinas.
839 4203 912 4254 eluas
938 4184 1044 4237 Petrus
1070 4184 1107 4236 de
1127 4183 1273 4237 Sabaudia
1290 4183 1424 4247 adduxit,

206 4298 240 4332 no
373 4270 519 4326 nobilibus
538 4268 781 4324 adolescentibus.
804 4287 877 4338 qnos
896 4286 946 4321 rex
965 4269 995 4320 in
1014 4267 1146 4321 custodia
1166 4287 1218 4321 sim
1237 4269 1422 4323 educaverat.

207 4364 333 4415 Tvom-
375 4357 533 4411 Mittuntur
552 4354 610 4408 duo
638 4353 743 4407 fratres
769 4353 805 4406 de
824 4352 932 4406 Ordine
951 4352 1098 4405 Minorem
1125 4353 1425 4423 i11.lngliam,vide·

207 4432 362 4482 ”timul
373 4442 444 4496 lieet
462 4441 552 4494 trater
571 4437 719 4492 lohannes
738 4438 774 4492 de
790 4438 893 4493 Cautio
912 4456 978 4491 eum
998 4440 1077 4492 socio
1096 4456 1148 4492 suo
1160 4436 1366 4508 A[lexsndro].
1386 4440 1424 4493 de

408 4700 572 4764 *rauel
592 4699 784 4751 intuentium
890 4712 895 4733 ¹
954 4700 1098 4750 ³Seenote
1110 4701 1136 4749 in
1150 4700 1218 4753 Her.
1231 4699 1358 4766 Aufidii.
1375 4707 1411 4751 15.
