3278 5610
336 795 378 866 46
462 811 629 864 narrem
651 809 865 863 rsarsmnsrs
888 809 1051 863 maronia
1072 810 1272 863 suenorum

168 1116 235 1170 Λ.1).
250 1123 322 1170 raas.
335 1109 385 1176 Dc
406 1107 563 1176 manime
586 1107 794 1196 eorasueioee,
818 1129 893 1197 quoe
915 1107 1059 1195 conttqit
1080 1107 1379 1176 Wintoaienaa'bcs.
1457 1166 1459 1170 ,

166 1301 274 1352 Praise·
378 1289 538 1379 Tempore
560 1295 673 1357 autem
702 1291 853 1356 instante
876 1290 1169 1377 Quadragesimali,
1193 1311 1269 1355 cum
1290 1291 1380 1377 apud

165 1371 320 1488 ζῖξᾞοζὶθη
332 1393 540 1459 Wintoniam
573 1400 608 1460 et
629 1391 686 1458 in¹
711 1391 917 1460 Winnniae⁹
938 1392 1089 1480 partibus
1123 1393 1380 1481 supramodum

165 1502 276 1553 aowin·
331 1496 476 1562 latrones
504 1495 813 1583 multiplicarentur,
837 1499 872 1561 et
894 1495 1060 1562 Henricus
1084 1496 1124 1562 de
1148 1497 1250 1575 Mara,
1278 1497 1379 1584 justi-

164 1570 451 1703 ξξξῗξέζᾶοὶπίυε
473 1600 644 1681 itinerans,
668 1604 704 1665 et
725 1597 805 1665 socii
835 1598 906 1686 ejus
934 1599 1013 1665 illuc
1036 1599 1195 1665 destinati
1217 1600 1261 1665 ad
1282 1621 1380 1665 mun·

165 1704 303 1755 tomheae.
331 1702 477 1769 dandum
501 1702 643 1789 patriam
657 1723 680 1768 a
701 1702 761 1767 tali
784 1706 884 1789 peste,
899 1722 968 1783 nec,
983 1708 1117 1789 propter
1130 1702 1379 1768 multitudinem

331 1807 499 1873 latronum
543 1805 587 1872 ad
630 1804 773 1871 invicem
811 1804 1118 1886 confoederatorum,
1156 1805 1379 1894 profecissent,

331 1909 471 1996 contigit
497 1907 587 1995 quod
609 1907 762 1973 dominus
798 1928 859 1974 rex
891 1907 971 1973 illuc
1008 1905 1273 1989 adventaturus,³
1295 1930 1379 1995 prae-

330 2012 480 2077 mitteret
512 2011 594 2076 vina
626 2032 708 2092 sua3
739 2011 828 2098 quod
862 2031 937 2076 oum
970 2011 1156 2078 latronibus
1187 2012 1378 2078 memoratis

329 2115 538 2197 innotuisset,
560 2114 678 2201 positis
699 2114 839 2194 insidiis,
862 2113 974 2180 omnia
998 2121 1188 2202 rapuerunt,
1212 2120 1249 2181 et
1278 2115 1377 2181 duces

328 2242 367 2285 ae
397 2213 610 2286 veredarios⁴
631 2217 892 2284 vulneraverunt
917 2223 952 2283 et
985 2218 1217 2304 spoliaverunt,
1248 2218 1378 2284 caehin-

328 2322 439 2387 nando
460 2325 496 2387 et
519 2319 666 2398 dicendo,
700 2341 775 2385 cum
809 2320 851 2385 de
872 2318 961 2385 vinis
992 2320 1161 2407 usquead
1183 2321 1377 2386 ebrietatem

326 2424 488 2502 biberent,
528 2421 678 2500 “Bibite,
717 2421 823 2501 amici,
857 2426 892 2488 et
922 2422 1135 2489 inebriamini
1168 2421 1377 2490 carissimi.‘'⁶

327 2526 517 2613 Eodemque
548 2530 704 2611 tempore,
728 2524 794 2589 duo
828 2529 1025 2590 mercatores
1056 2526 1098 2591 de
1121 2526 1312 2604 Brebancia,
1334 2525 1376 2591 de

326 2630 477 2697 ducentis
499 2628 617 2695 marcis
639 2627 773 2714 spoliati
805 2627 842 2692 in
876 2627 998 2693 eisdem
1030 2629 1189 2715 partibus,
1213 2629 1376 2714 querimo-

325 2735 417 2799 niam
447 2753 546 2818 super
581 2736 650 2797 tarn
681 2731 808 2796 enormi
838 2730 961 2817 injuria
992 2752 1103 2797 coram
1137 2732 1270 2798 domino
1300 2754 1376 2819 rege

325 2833 574 2902 lacrimabiliter
596 2854 635 2898 ac
658 2831 822 2899 clamose⁶
845 2839 1049 2919 reponentes,
1073 2834 1182 2922 ipsum
1205 2834 1375 2900 dominum

326 2961 436 3026 regem
473 2957 577 3024 usque
614 2935 657 3001 ad
688 2935 794 3001 cordis
831 2937 1089 3004 amaritudinem
1119 2942 1374 3006 commoverunt.

327 3041 426 3108 Dixit
459 3041 565 3129 igitur
594 3061 664 3120 rex,
699 3026 820 3119 “Quid
856 3039 965 3105 adhuc
1002 3046 1237 3128 expectamusl
1290 3042 1374 3108 Ecce

320 3147 393 3232 jam
414 3143 598 3210 latronibus
620 3142 814 3208 invadimur
835 3142 1113 3230 multiplicatisi’'
1154 3144 1201 3210 Et
1222 3145 1376 3211 venitin

325 3248 459 3340 propria
491 3267 629 3335 persone
658 3245 763 3311 iratus
794 3245 894 3312 nimis
916 3243 1131 3313 Wintoniam.
1178 3247 1232 3329 Et,
1255 3268 1374 3315 convo-

325 3541 448 3594 tom'tilts
468 3541 503 3591 ad
523 3540 608 3591 mullos
629 3557 684 3591 eam
706 3540 830 3603 enasset,
870 3543 944 3593 latter
962 3549 1019 3607 part
1038 3543 1066 3592 ol
1082 3542 1125 3593 the
1144 3557 1257 3608 passage,
1275 3558 1303 3594 as
1319 3559 1374 3596 cor-

326 3620 590 3686 meoellaaauditorum
603 3618 756 3687 penetrando
772 3636 829 3669 con·
870 3623 981 3689 reeted:¹
1001 3621 1107 3671 Fratres
1142 3630 1222 3672 antem
1259 3621 1374 3673 Minores

326 3712 366 3754 tra
374 3701 540 3752 Fretlrericum
548 3699 665 3750 inoliter
673 3716 752 3749 omnes
761 3715 830 3749 eres·
870 3717 960 3766 corpus
971 3700 1090 3766 defuncti,
1101 3702 1161 3765 quio
1172 3709 1291 3764 sanctam,
1304 3705 1371 3767 peti·

326 3786 391 3842 isset,
415 3781 464 3829 nisi
491 3780 561 3829 catria
590 3779 704 3829 Romana
729 3776 830 3828 macules
871 3778 1124 3844 eruntetltonorastee
1136 3796 1213 3844 penes
1224 3780 1373 3846 eossepelr'e·

325 3861 437 3927 synonice
454 3868 478 3909 et
495 3875 584 3920 usurae,
601 3866 626 3908 et
642 3857 743 3906 oliorum
760 3857 831 3906 vitio·
871 3866 945 3919 rann
962 3866 986 3908 et
995 3858 1041 3909 loo
1053 3860 1078 3907 in
1090 3856 1192 3924 epistola
1203 3859 1327 3913 scribitur.

326 3958 379 3992 rum
390 3939 596 4004 coinquinaretur.
624 3933 677 3986 Sed
685 3935 752 3986 len!
768 3934 832 3985 beu!
906 3965 1005 4029 regin]
1026 3964 1231 4016 ommate.

326 4019 392 4086 quod
400 4020 454 4068 sine
465 4016 572 4068 lacrimis
586 4032 633 4065 non
647 4031 777 4080 possumus
793 4029 831 4063 re·
904 4069 914 4102 2
968 4071 973 4080 ¹
1036 4071 1041 4080 ¹
1124 4069 1129 4081 ,
1196 4071 1202 4081 ,

326 4103 413 4158 citare,
424 4098 605 4148 cruentissimus
616 4094 733 4144 bominum
750 4092 831 4143 adhue
932 4069 1075 4136 mem]
1095 4069 1226 4132 Vmwme’
1238 4068 1295 4121 MS·

320 4180 437 4244 sonorem
464 4178 558 4237 retinet,
585 4176 613 4224 ia
645 4174 723 4224 odium
756 4172 831 4222 enriae
904 4182 1122 4249 mummium]
1147 4183 1186 4234 At
1202 4183 1256 4235 first
1273 4183 1372 4236 written

327 4264 467 4306 mmoratoe.
512 4255 672 4320 Equinimius
708 4252 760 4319 [sio
786 4268 831 4317 pro
871 4261 1028 4314 adventurus,

328 4334 518 4424 AEqnaaimiuel
532 4335 594 4383 enim
603 4332 663 4383 laici
671 4331 832 4424 deliramenta
904 4368 914 4400 4
932 4368 1081 4434 verdariae]
1101 4367 1254 4431 vendam&
1264 4368 1322 4418 MS·

325 4412 432 4478 populus
453 4420 562 4473 castanei,
584 4428 656 4476 quam
678 4429 765 4478 sparus,
787 4427 830 4474 qm

328 4494 451 4557 speculum
462 4508 551 4540 morum
562 4489 830 4541 esseanioersomuado
904 4473 1017 4524 ⁵B¹l²ll⁸
1035 4510 1042 4523 ·
1062 4510 1068 4523 ·
1087 4511 1093 4524 ·
1110 4474 1245 4540 carlffllmfl
1277 4474 1318 4526 0¹¹
1340 4490 1372 4526 ³¹¹

328 4577 458 4620 reveretur.
494 4569 533 4620 Cf.
554 4570 586 4620 B.
599 4571 627 4620 C.
650 4570 792 4633 (onwan,
805 4586 829 4634 p.
871 4568 978 4604 effinse·

329 4652 399 4714 768).
433 4649 464 4698 In
475 4648 518 4699 the
530 4648 627 4713 margin
638 4649 692 4698 also
709 4649 732 4698 is
748 4650 830 4699 added
904 4659 914 4692 s
930 4658 1045 4726 dam]
1065 4658 1208 4720 clamose,
1220 4658 1276 4709 MS·

327 4730 370 4781 the
380 4727 515 4794 following
526 4734 593 4790 note,
603 4726 728 4793 referring
744 4733 771 4778 to
787 4727 831 4778 the
