3278 5610
377 776 418 834 50
504 783 665 840 ulman
688 783 897 840 reclamans
920 780 1083 836 aternam
1104 775 1305 833 marcaon

208 979 279 1034 nn.
293 983 365 1032 12⁴9.
377 967 503 1030 contem
524 965 627 1031 fllium
649 964 935 1032 transfunderetur
956 961 1167 1038 truculenter,
1190 964 1225 1025 et
1246 958 1418 1045 negotium

378 1064 498 1146 Crucis,
523 1067 593 1135 Deo
616 1065 754 1147 vindice,
776 1066 1006 1135 retardaretur.
1051 1062 1225 1148 laesitque
1247 1066 1319 1127 tarn
1343 1061 1421 1126 Fre-

377 1168 519 1237 thericus
553 1191 650 1258 quam
665 1220 669 1227 -
683 1172 773 1238 filius
806 1170 953 1258 ejusdem
976 1164 1172 1254 H[enrieus]
1206 1170 1420 1244 memoratus,

377 1273 488 1339 eodem
510 1280 665 1363 tempore,
680 1295 723 1342 ne
745 1294 804 1363 per
827 1271 983 1350 Siciliam,
1000 1268 1186 1336 Calabriam
1212 1275 1247 1335 et
1262 1267 1421 1355 Apuliam

377 1375 499 1443 cibaria
531 1380 663 1444 venalia
695 1377 827 1444 domino
859 1376 930 1463 regi
961 1373 1162 1439 Francorum
1196 1374 1422 1459 negarentnr3

212 1490 334 1556 ruplyof
378 1479 528 1547 similiter
558 1502 618 1570 pro
651 1502 727 1570 rege
749 1479 934 1566 Anglorum
957 1473 1193 1563 supplicando.¹
1247 1473 1421 1540 Praedictae

212 1557 488 1678 medaeam
524 1583 629 1672 paens
666 1590 701 1650 a
731 1583 793 1648 aar
826 1581 983 1669 petitioni
1020 1579 1066 1644 aa
1100 1578 1223 1644 dicitu·
1255 1576 1330 1663 prus
1361 1596 1423 1641 rex

378 1684 579 1753 Francorum
599 1687 813 1775 respondisse,
829 1685 921 1749 “Per
943 1679 1207 1748 sanctissimam2
1222 1699 1288 1767 qua
1310 1679 1423 1766 signer

379 1808 515 1871 crucem,
538 1790 680 1856 libenter
695 1789 813 1855 vellem
835 1786 986 1874 precibus
1008 1790 1043 1852 et
1065 1783 1227 1851 desiderio
1249 1782 1423 1867 utriusque

281 1900 284 1908 '
378 1890 607 1974 obsecundare,
631 1894 659 1959 ei
689 1874 861 1959 consilium
883 1912 992 1957 meum
1015 1886 1230 1977 permitteret,
1254 1891 1289 1953 et
1312 1886 1424 1974 ipsum

379 1993 580 2061 Heuriotum
611 1995 693 2061 mihi
727 1995 847 2061 habere
878 1991 1097 2060 collateralem
1132 1995 1166 2057 et
1199 1983 1425 2077 adoptivum.’'

380 2095 475 2162 Idem
498 2102 609 2163 autem
631 2116 691 2164 rex
706 2096 916 2176 Francorum,
932 2094 968 2161 in
990 2114 1050 2161 aue
1071 2094 1234 2183 petitione
1257 2095 1424 2180 praetaota,

380 2219 498 2287 papam
520 2200 640 2266 durum
662 2201 793 2266 invenit
815 2202 849 2265 et
871 2197 1115 2265 inexorabilem.

390 2487 561 2556 Venerunt
583 2487 820 2576 conduplicat
849 2486 1120 2574 orobiapiecopaa
1142 2482 1417 2570 Rotltoruapcneia

672 2591 898 2679 coaptaremus
921 2590 960 2656 da
986 2590 1129 2657 Fortoec.

218 2763 364 2815 amulas
430 2747 476 2814 Et
497 2750 534 2814 in
556 2747 704 2815 Paschali
735 2748 979 2838 sollempnitate
1012 2748 1272 2836 archiepiscopus
1301 2747 1428 2813 Rotho·
1519 2722 1522 2729 .

218 2831 370 2949 ss‘ffiffip·
383 2853 554 2939 magoncia,
578 2852 631 2918 vir
653 2853 786 2939 quidem
809 2857 941 2919 sanctus
964 2857 998 2918 et
1021 2852 1181 2918 discretus
1204 2857 1238 2916 ct
1260 2852 1363 2916 frater
1386 2850 1428 2915 de

218 2964 363 3029 aurbs-or
385 2953 509 3020 Ordine
532 2952 722 3034 Minoram,8
743 2954 879 3022 natione
903 2955 1060 3034 Francus,
1084 2955 1238 3022 venitin
1261 2951 1427 3041 Angliam,

219 3030 361 3165 ἓξὲξ
384 3062 423 3122 ut
446 3054 604 3146 quaedam
638 3060 752 3140 terres,
776 3081 851 3146 quae
884 3058 920 3124 iu
952 3056 1075 3146 Anglia
1107 3064 1186 3125 sunt
1220 3061 1254 3123 et
1286 3055 1430 3122 ecclesiae

385 3157 642 3249 Rothomagenei
665 3159 829 3249 pertinere
861 3160 1087 3241 dinoscuntur,
1111 3184 1132 3228 a
1154 3158 1284 3248 quibus,
1307 3181 1381 3226 cum
1412 3180 1433 3222 a

386 3260 588 3330 Normannia
610 3265 826 3352 possessiones
850 3264 886 3331 in
909 3264 1033 3353 Anglia
1055 3286 1162 3352 nuper
1185 3261 1429 3339 auferebantur,

386 3365 598 3452 spoliabatur,
621 3366 665 3432 ad
697 3388 791 3433 suam
824 3372 1003 3449 revocaret,
1027 3367 1115 3434 facto
1142 3367 1184 3432 ob
1206 3364 1269 3432 hoc
1299 3363 1432 3430 domino

388 3468 457 3554 regi
478 3469 663 3558 Anglcrum
696 3468 858 3559 homagio,
882 3468 1051 3537 ditionem.
1098 3467 1153 3548 Et,
1176 3470 1265 3555 quod
1289 3466 1389 3556 petiit
1412 3489 1433 3530 a

388 3569 521 3637 domino
543 3595 628 3660 rege,
653 3570 832 3639 liberaliter
866 3570 1022 3661 optinuit.
1069 3572 1115 3638 Et
1149 3569 1264 3638 eodem
1287 3577 1434 3658 tempore

387 3673 556 3761 episcopus
579 3674 619 3740 de
642 3674 786 3752 Tortoea,
804 3697 878 3761 quae
901 3675 1011 3741 estin
1034 3674 1129 3751 Siria,
1145 3675 1280 3740 natione
1295 3673 1454 3760 Anglusst

388 3773 425 3838 in
438 3776 595 3864 Angliam
610 3777 712 3856 venit,
728 3776 838 3864 gratia
860 3774 972 3843 natale
994 3777 1099 3843 solum
1122 3782 1164 3856 et,
1189 3777 1217 3841 ei
1241 3798 1322 3862 quos
1344 3777 1437 3840 inve·

388 3876 484 3955 niret,
506 3883 660 3966 parentes
690 3879 860 3945 visitandi
909 3880 975 3961 Qui
1000 3901 1075 3946 cum
1099 3879 1143 3945 ad
1165 3881 1311 3968 patriam
1334 3899 1435 3955 suam,

389 4000 463 4067 qum
489 3981 593 4068 juxta
616 3982 806 4071 Rudingum
840 3983 913 4063 fuit,
937 3981 1108 4062 venisset,⁴
1129 4005 1189 4049 nec
1221 3982 1357 4049 domum
1379 4002 1436 4045 na

390 4082 492 4149 tionis
512 4108 581 4153 suae
603 4107 663 4152 nec
685 4090 839 4174 purentes
869 4084 1047 4166 inveniret,
1071 4085 1185 4153 dolens
1207 4108 1357 4152 reversus
1380 4089 1437 4150 eet

394 4183 459 4251 Hic
473 4189 651 4275 mquisitua
674 4189 918 4276 inquirentibus
939 4189 1117 4267 enarravit,
1132 4189 1221 4275 quod
1243 4189 1301 4275 qui
1316 4187 1439 4254 residui

781 4361 847 4367 --
869 4361 901 4367 -
930 4361 938 4367 .
1062 4362 1067 4367 .
1137 4358 1243 4367 .—-—--
1259 4356 1435 4365 ——0

430 4443 561 4498 ¹u'sa‘lilrr
586 4487 593 4502 .
689 4490 695 4502 .
714 4451 890 4520 upplimado]
917 4496 920 4515 ,
975 4450 1231 4520 'Minorsfflafi
1250 4451 1272 4500 la
1288 4450 1377 4511 added,
1395 4446 1442 4498 la·-

396 4521 489 4615 Added
500 4525 613 4616 inqmarg.
940 4548 1022 4598 posu
1033 4536 1132 4584 aoniae.

398 4606 646 4732 Μὲωκοῐιυὲααη]
684 4612 894 4671 sanctitinimsm
976 4614 1120 4678 Ἥκω]
1142 4613 1232 4662 Added
1243 4611 1269 4661 in
1280 4624 1359 4677 marg.
