3278 5610
94 1741 138 1792 sol,
149 1737 197 1783 145
205 1746 230 1782 a.

393 831 440 880 DE
460 830 621 881 amosa
644 829 744 880 REGIS
767 828 923 891 samum,
946 829 1012 878 vlz.
1035 828 1159 878 TERTII.
1256 816 1291 875 5]

248 1004 383 1072 fuerant
415 1005 453 1071 in
475 1007 577 1072 Terra
600 1006 724 1072 Sancta
746 1004 955 1070 Chorosmini
977 1026 1046 1069 sese
1079 1004 1122 1068 ad
1143 1003 1296 1081 invicem,
1311 1014 1381 1067 Μ).
1395 1021 1470 1071 rata.

250 1106 323 1175 Deo
346 1109 465 1188 ultore,
487 1110 581 1197 cujus
603 1109 715 1175 natale
738 1108 845 1174 solum
866 1108 1170 1192 coinquinaverant,
1194 1106 1297 1169 inter-
1311 1104 1389 1221 {erl}
1398 1105 1464 1222 slrom

249 1210 402 1280 fecerant.
462 1213 630 1300 Principes
667 1233 797 1298 quoque
834 1211 1097 1287 sarracenorum,
1135 1208 1193 1294 qui
1230 1229 1299 1273 sese
1311 1188 1434 1289 15„de

249 1316 377 1402 guerris
406 1316 534 1381 mutuis
567 1315 818 1392 infestaverant,
841 1318 956 1380 eontra
986 1312 1073 1400 regis
1096 1311 1299 1377 Francorum

249 1419 432 1485 adveutum
445 1419 636 1485 concordati
657 1423 745 1485 sunt.
791 1417 956 1484 Soldanus
979 1424 1091 1483 autem
1105 1415 1298 1493 meilonis,

250 1522 308 1607 qui
329 1523 385 1588 vel
406 1542 517 1588 eorum
540 1521 735 1609 praecipuus,
759 1520 813 1586 vel
835 1521 876 1586 de
898 1520 1072 1607 praecipuis
1095 1541 1164 1585 esse
1187 1519 1298 1584 dinos-

249 1625 345 1705 citur,
378 1624 485 1692 eidem
517 1626 588 1713 regi
619 1624 830 1711 significavit,
862 1624 949 1710 quod
982 1622 1156 1688 Sarraoeni
1189 1622 1298 1708 ipsum

248 1747 359 1814 regem
381 1733 417 1794 et
447 1728 518 1813 ejus
548 1727 739 1805 exereitum,
770 1728 799 1792 si
830 1727 866 1790 in
897 1726 1034 1811 decuplo
1065 1725 1173 1810 major
1204 1729 1297 1801 esset,

248 1830 369 1897 alacres
401 1834 589 1919 expectant,
622 1836 662 1895 ut
699 1829 826 1906 bellum
863 1833 1036 1894 conserant
1073 1850 1148 1893 cum
1182 1827 1297 1893 codem

247 1939 429 2021 campestre
460 1957 498 2000 ac
535 1935 712 2022 generale3
757 1937 792 1998 et
825 1932 879 1997 eui
911 1952 979 1997 sors
1012 1931 1186 1997 victoriam
1221 1951 1299 1995 oon·

248 2037 372 2118 tulerit,
394 2043 545 2125 optatam
567 2041 682 2103 teneat
708 2034 941 2102 monarchiam.

369 2305 418 2370 Do
439 2305 658 2411 aspectibus
680 2304 873 2373 Loudouiis
895 2303 1176 2371 conuenientibus.

293 2461 349 2527 Ad
382 2463 529 2530 clausum
553 2464 679 2530 Pascha
710 2470 939 2531 convenerunt
970 2469 1143 2551 magnates
1165 2462 1299 2550 Angliae
1332 2473 1456 2541 11April.

249 2563 439 2644 Londoniis
472 2573 521 2645 ut,
554 2567 643 2654 quod
680 2567 834 2632 dominus
869 2589 930 2633 rex
968 2589 1054 2654 saepe
1092 2567 1297 2654 promiserat,
1312 2574 1467 2642 Meefingot

248 2668 367 2734 saltem
399 2674 482 2735 tuuc
512 2669 687 2735 benivolus
725 2671 930 2757 adimpleret,
962 2671 1118 2735 videlicet
1151 2669 1190 2734 de
1223 2691 1299 2734 cau-
1312 2642 1462 2772 {fffflgss’

250 2770 388 2850 sellario,
406 2770 593 2856 justiciario
616 2780 650 2839 et
673 2773 879 2839 thesaurario
902 2795 961 2860 per
975 2786 1184 2838 communem
1205 2772 1299 2858 regni
1312 2776 1451 2826 vumera

250 2875 499 2941 constituendis
556 2876 622 2941 Sed
655 2897 730 2942 cum
762 2877 874 2941 omnia
911 2876 1165 2962 postularentur,
1199 2873 1300 2940 breve
1312 2845 1456 2976 ssffisg

248 2998 441 3064 responsum
463 2983 686 3064 reportarunt,
702 2978 865 3058 videlicet,
890 2980 979 3065 quod
1001 2980 1100 3043 nimis
1123 2976 1440 3065 cupiebantthekins·

158 3106 161 3111 ·
250 3081 423 3146 dominum
445 3103 543 3146 suum
565 3082 603 3146 in
625 3083 821 3148 servitutem
843 3083 1000 3169 redigere,
1025 3087 1072 3158 ut,
1096 3081 1184 3166 quod
1208 3081 1300 3145 ouili-

248 3179 308 3248 bet
329 3202 443 3249 eornm
477 3181 555 3249 licet
577 3182 691 3263 faeere,
716 3184 823 3250 eidem
845 3184 950 3250 facere
985 3205 1053 3247 non
1087 3183 1207 3248 liceret.
1256 3184 1301 3248 Et

250 3285 297 3351 sie
320 3286 474 3352 dominus
508 3308 567 3351 rex
599 3286 643 3351 ad
676 3287 836 3352 ulteriora
866 3285 922 3352 sel
945 3285 1123 3351 transtulit
1153 3286 1223 3372 jam
1250 3309 1300 3351 re-

251 3393 370 3455 motus.

273 3637 322 3706 Dc
336 3638 513 3725 fratribus
535 3639 825 3707 Prcsde'eatora'bas
846 3646 875 3706 st
897 3638 1096 3708 Miseritus
1118 3640 1158 3707 de
1183 3638 1287 3707 Oreste

635 3741 917 3829 praedicantibus.

295 3888 494 3977 Eisdemque
525 3892 739 3978 temporibus,
762 3890 880 3958 fratres
912 3890 1148 3960 Praedicatores
1177 3899 1212 3959 et
1235 3892 1300 3957 Mi-

249 4013 345 4058 nores
367 3992 661 4081 praedioationibus
684 3994 752 4060 suis
774 3994 1011 4077 intendentes,2
1033 4019 1161 4062 necnon
1183 4001 1218 4061 et
1241 3995 1301 4060 alii

250 4096 287 4160 in
308 4098 429 4184 peritia
461 4098 663 4185 praedicandi
696 4100 845 4186 expediti
879 4105 915 4165 et
938 4100 1069 4178 eruditi,
1092 4099 1300 4186 praedicando

251 4252 520 4261 -—-——-.-
530 4255 653 4261 —--.—
663 4256 961 4263 ——---—.-.-.-
978 4259 989 4262 -.
1002 4257 1127 4264 -.--—--

285 4334 474 4401 ¹postularetur
491 4373 499 4388 .
514 4372 522 4388 .
540 4374 547 4388 .
564 4372 571 4386 .
590 4335 704 4386 ulteriora
714 4338 754 4404 se]
801 4355 835 4399 se,
848 4347 874 4388 ut
884 4337 1017 4401 dicebatur,
1026 4341 1105 4403 pratis
1123 4339 1302 4403 absentaverat,

250 4413 361 4466 written
372 4430 405 4466 on
417 4431 432 4467 a
443 4417 515 4480 pisce
526 4415 556 4467 ot
562 4416 657 4466 sellum
669 4419 757 4481 pasted
798 4434 950 4482 propressum
962 4421 1050 4484 nepotii
1056 4419 1156 4485 penitus
1174 4421 1302 4486 impedivit.
1412 4453 1416 4463 ι

249 4509 312 4544 over
327 4495 370 4545 the
392 4495 502 4560 original
519 4502 582 4555 text,
604 4495 697 4556 which,
718 4496 756 4546 al-
800 4496 844 4545 Ad
858 4506 943 4562 partes
963 4500 1026 4549 caira
1048 4500 1176 4550 Comabioe
1198 4520 1224 4552 se
1246 4509 1304 4551 aste

249 4574 347 4640 though
357 4575 476 4640 partislly
487 4577 582 4637 erased,
593 4591 641 4626 can
653 4578 685 4626 be
695 4578 755 4626 read
799 4576 933 4642 toc,quasi
943 4597 974 4628 er
986 4579 1123 4642 industria,-
1139 4583 1304 4649 nearlyasin

249 4651 315 4715 thus,
325 4671 353 4704 se
372 4657 503 4705 cathamo
521 4663 648 4720 sperarent
667 4672 754 4721 accep·
798 4657 829 4708 B.
843 4657 936 4723 c.(e<1.
948 4660 1028 4722 Wsts,
1041 4678 1064 4726 p.
1078 4666 1148 4728 765).

249 4739 323 4795 turos,
341 4736 434 4785 rorate
451 4735 558 4786 Ricardi
577 4734 695 4797 absentat,
712 4737 754 4799 qui
829 4737 841 4768 ‘²
858 4738 1020 4807 intendentes]
1039 4741 1133 4793 Added
1143 4742 1171 4793 in
1182 4757 1261 4806 marg.

1102 4828 1168 4888 οἳ
