3278 5610
323 797 328 806 ’
410 821 456 868 ou
478 821 636 869 rannone
658 822 758 869 neers
780 822 925 870 nnumcr
947 822 1069 869 aaran.
1197 804 1263 873 277

219 1003 320 1059 erunt;
354 996 430 1050 unde
460 996 630 1066 praesidium
656 1016 675 1052 a
701 998 936 1054 Christianorum
966 997 1147 1069 principibus
1178 999 1428 1066 coge-Adamas.

219 1077 324 1133 bantur
348 1079 514 1151 implorare,
542 1080 595 1135 sed
617 1081 747 1153 optinere
777 1101 835 1137 non
865 1090 1096 1154 promeruerunt.
1141 1080 1172 1136 Si
1196 1080 1262 1150 quis

219 1168 318 1217 autem
333 1164 466 1236 ipsorum
483 1166 671 1220 Tartarorum
683 1184 837 1221 numerum
850 1173 880 1222 et
898 1166 1057 1237 potentiam
1075 1165 1260 1237 exprimeret,

68 1225 111 1322 ffl‘l·
124 1236 193 1325 {⁸⁰-
218 1247 350 1303 veritatis
380 1255 474 1304 metas
504 1250 659 1305 manifeste
689 1250 856 1321 transgredi
885 1250 1044 1306 videretur.
1094 1249 1261 1319 Eodemque

51 1310 117 1362 Μ·
129 1330 152 1365 ¹¹·
218 1348 304 1395 anne,
334 1340 372 1386 v⁰.
399 1331 465 1388 idus
491 1333 574 1388 Junii
595 1375 602 1388 .
623 1374 630 1386 .
652 1374 659 1387 .
679 1333 794 1398 Petrus,
826 1352 893 1390 eum
920 1335 983 1404 jam
1012 1333 1167 1388 ecelesiam
1196 1373 1230 1387 ..
1252 1375 1259 1387 .

50 1382 109 1427 Μ’
218 1421 336 1471 strenue
366 1417 565 1487 gubernasset.
619 1418 678 1472 Hic
707 1419 904 1483 laudabiliter,
936 1418 974 1473 ad
1002 1418 1141 1473 honorem
1171 1417 1261 1473 totius

216 1498 350 1569 Anglicae
374 1502 509 1566 nationis,
532 1499 809 1573 [peregrinationem
836 1503 867 1556 in
893 1503 984 1557 Terra
1011 1500 1146 1569 Sancta]¹
1166 1520 1258 1564 suam,
1274 1502 1428 1558 Gooddeeds

215 1601 275 1638 una
292 1603 359 1639 cum
376 1586 533 1641 Exoniensi
551 1587 687 1657 episcopo
704 1586 837 1658 perfecit.
874 1587 982 1642 Demos
1000 1587 1142 1656 plurimas
1160 1586 1261 1656 religi·
1273 1570 1396 1686 gfpefstfg

215 1685 333 1723 osorum
352 1671 531 1736 construxit;
556 1689 658 1741 pacem
682 1671 759 1726 inter
777 1689 882 1742 papam
900 1677 931 1725 et
948 1671 1153 1741 imperatorem
1171 1669 1261 1724 refer·
1274 1641 1427 1755 efigwym'

215 1752 316 1808 mavit.
362 1753 436 1808 Haec
466 1759 535 1809 sunt
558 1755 675 1809 nomina
699 1754 851 1810 domorum
877 1772 950 1825 quas
976 1753 1126 1808 fundavit:
1157 1752 1259 1818 Hales,
1370 1743 1378 1757 ⁹

216 1875 224 1887 .
245 1874 253 1889 .
275 1877 282 1889 .
304 1874 310 1888 .
330 1835 472 1907 hospitale
491 1839 527 1892 de
539 1838 720 1893 Portesmue.
758 1837 845 1902 Item,
865 1836 1004 1892 Ordinem
1023 1837 1148 1892 fratrum
1168 1838 1260 1892 sancti

214 1918 331 1973 Themae
350 1922 479 1976 martiris
503 1922 534 1976 in
552 1922 642 1977 'I'erra
661 1922 769 1977 Sancta
786 1922 943 1993 reparavit,
972 1926 1001 1975 et
1029 1921 1123 1992 ipsam
1142 1920 1260 1978 domum

214 2020 233 2056 a
257 2003 321 2058 loco
348 2004 446 2076 inepte
475 2006 613 2077 adeptum
642 2006 804 2071 transtulit,
831 2012 861 2061 et
886 2004 997 2060 eisdem
1022 2004 1162 2060 fratribus
1193 2024 1260 2061 con·

214 2089 322 2143 struxit
338 2090 465 2144 officinas
490 2108 558 2145 cum
582 2092 722 2156 ecelesia;
751 2097 781 2145 et
805 2090 975 2160 impetravit
993 2108 1011 2144 a
1028 2090 1204 2160 patriarcha,
1227 2097 1260 2146 ut

214 2172 339 2242 speciale
357 2173 476 2244 signum
495 2181 652 2245 portentae,
672 2176 764 2230 vitam
787 2173 928 2228 ducerent
951 2173 1038 2229 solito
1056 2175 1211 2229 arctiorem
1230 2181 1260 2228 et

214 2255 418 2312 honestiorem.
456 2257 607 2329 Diligebat
632 2265 731 2314 autem
749 2258 867 2314 domum
887 2259 971 2313 illam
989 2276 1042 2330 pro
1060 2277 1159 2313 amore
1177 2259 1258 2329 regis

214 2338 343 2405 Ricardi‚
366 2361 419 2413 pro
443 2343 527 2413 cujus
552 2345 648 2398 anima
672 2343 778 2413 ipsam,
806 2348 842 2397 ut
870 2342 982 2398 dictum
1009 2347 1064 2407 est,
1096 2342 1257 2414 ampliavit,

215 2429 315 2495 utpote
333 2427 476 2497 primitivi
495 2427 666 2482 fundatoris.
704 2427 782 2482 Item
803 2426 918 2498 Jopen.
934 2467 941 2481 .
956 2467 963 2480 .
980 2467 986 2480 .
1002 2426 1159 2497 delegavit.
1197 2426 1260 2481 Rex
1272 2440 1400 2507 Thekjng

214 2509 277 2564 loco
295 2511 387 2580 ipsius
405 2512 596 2575 Willelmum,
610 2510 820 2566 Valentinum³
832 2512 966 2574 electum,
981 2509 1140 2580 subrogare
1158 2510 1190 2565 in
1201 2511 1261 2581 epi·
1272 2507 1380 2584 smum,
1390 2523 1419 2559 ⁸⁸

215 2601 335 2663 scopatu
347 2595 513 2660 conabatur,
528 2596 597 2650 licet
608 2596 696 2666 paulo
708 2602 775 2650 ante
788 2595 988 2667 episcopatum
999 2595 1190 2649 Leodiensem
1203 2595 1260 2649 sibi
1274 2574 1381 2690 Q*

214 2676 407 2747 adquisissct;
434 2679 510 2732 unde
528 2681 623 2733 relatu
641 2679 780 2750 indignas
798 2679 922 2734 ecclesia
942 2678 1152 2734 wintoniensis
1173 2680 1260 2735 susti·
1274 2679 1387 2757 Wfflia'm

214 2761 280 2814 nuit
298 2761 509 2816 tribulationes.
548 2763 638 2817 Redit
649 2781 666 2817 a
678 2763 810 2818 Romana
827 2763 910 2818 curia
927 2762 1163 2834 archiepiscopus
1187 2763 1261 2818 Can·
1274 2776 1314 2836 bp.
1325 2745 1427 2825 elect’ot'

188 2863 190 2868 ’
214 2845 371 2899 tuariensis
384 2842 594 2916 E[dmundus]‚
607 2847 638 2900 in
658 2848 743 2917 cujus
761 2847 887 2901 adventu
900 2845 998 2901 tristia
1010 2847 1123 2900 invenit
1135 2852 1165 2901 et
1177 2846 1258 2901 dura.
1273 2840 1396 2892 Valenti&

214 2927 243 2980 N
245 2946 292 2980 am
305 2947 377 2998 quos
388 2930 704 2996 excommunicaverat,
719 2931 835 3000 legatus
853 2930 1041 2984 denunciavit
1059 2930 1217 2993 absolutos,
1232 2936 1262 2984 et
1274 2906 1398 3021 Eglmussd’

214 3012 312 3066 omnia
329 3015 406 3067 factu
431 3013 495 3083 ejus
521 3014 552 3067 in
579 3013 695 3068 irritum
722 3020 920 3069 revocaverat.
959 3013 1029 3081 Quae
1060 3014 1157 3067 emnia
1181 3012 1261 3068 vide·
1274 2987 1378 3088 lyam,

173 3162 177 3172 Ι
214 3095 319 3150 bantur
335 3097 436 3167 procul
461 3097 549 3152 dnbio
576 3097 608 3151 in
631 3096 836 3168 praejudicium
854 3095 1064 3167 archiepiscopi
1081 3096 1255 3161 redundare,
1273 3105 1348 3167 bury,
1357 3121 1397 3155 re·

214 3184 244 3232 et
261 3178 448 3251 obprobrium
466 3200 533 3235 curn
552 3187 719 3252 contemptu
738 3198 888 3251 generare.
925 3169 1414 3235 Immoetiamdomes·t¹1m⁸from

212 3262 287 3318 ticos
306 3283 384 3330 suos,
398 3266 513 3321 scilicet
530 3266 686 3321 monachos
699 3265 934 3329 Cantuarienses,
949 3264 980 3318 in
991 3263 1089 3335 ipsum
1102 3264 1256 3330 suscitans,
1270 3237 1357 3352 3⁰me

213 3355 314 3404 contra
331 3349 428 3420 ipsum
446 3350 699 3422 arehiepiscopum
723 3350 913 3421 exasperavit.
951 3348 1022 3416 Quae
1047 3355 1144 3405 tamen
1162 3318 1396 3419 omniaosrifwmes

213 3432 458 3505 archiepiscopus,
479 3440 580 3504 utpote
597 3435 643 3489 vir
667 3433 908 3506 patientissimus,
929 3449 1031 3486 sereno
1055 3432 1140 3487 vultu
1158 3433 1258 3503 pallia·
1270 3434 1352 3511 legate

212 3517 265 3581 vit,
285 3536 303 3571 a
320 3517 383 3572 Deo
407 3519 558 3589 postulans
583 3519 614 3572 in
639 3518 826 3573 tribulatione
851 3516 1085 3572 consolationem.
1123 3509 1367 3577 litonachiltlamnt

212 3600 427 3657 Wintonienses
455 3603 485 3657 in
512 3609 660 3675 pastorem
685 3602 848 3657 animarum
873 3618 993 3656 suarum
1019 3600 1173 3671 elegerunt
1196 3568 1390 3683 siveiffi‘llb

211 3685 396 3756 postularunt
414 3688 583 3758 episcopum
602 3687 815 3742 Cicestrensem
831 3683 1028 3755 Badulphnm,
1049 3684 1128 3754 regis
1147 3684 1258 3738 cancel·
1270 3649 1421 3751 osciisshg'.

211 3770 327 3826 larium.
367 3770 449 3840 Quod
462 3788 529 3826 cum
542 3789 624 3842 papan
636 3769 820 3833 innotuisset,
834 3769 935 3824 timuit
951 3786 988 3822 nc
1000 3786 1101 3839 regem
1114 3768 1257 3822 animaret
1268 3773 1314 3827 ter,
1326 3767 1422 3845 elected

210 3855 248 3909 ad
266 3854 530 3920 contradicendum,
550 3874 587 3910 ne
611 3855 738 3910 solveret
762 3853 907 3909 tributum
931 3854 1049 3918 Roman
1078 3852 1154 3907 unde
1176 3851 1257 3906 dedit
1267 3832 1307 3948 bg·
1315 3832 1423 3883 οἵω·

210 3941 364 3995 conventui
395 3939 588 3995 Wintoniensi
626 3940 657 3993 in
686 3938 840 4003 mandatis,
865 3944 900 3992 ut
923 3937 1014 3992 alium
1038 3936 1183 4008 eligerent
1206 3907 1372 4016 antguffit'

209 4024 399 4093 postularent.
437 4023 617 4079 Memoratus
642 4025 720 4078 enim
747 4022 911 4094 episcopua,
939 4028 974 4076 ut
998 4020 1146 4075 asserebat
1170 4036 1254 4091 papa,
1268 4034 1392 4097 mamad.

210 4108 335 4162 festinus
353 4109 410 4162 fuit
427 4109 458 4162 in
475 4109 574 4170 verbe,
594 4113 624 4161 et
642 4107 909 4178 incircumspectus.
947 4106 1072 4176 Insuper
1087 4122 1139 4159 rex
1163 4105 1255 4159 iratus

210 4191 333 4247 abstulit
357 4193 393 4246 ab
419 4211 453 4247 eo
479 4191 620 4263 sigillum,
649 4196 678 4244 et
703 4191 850 4246 commisit
876 4188 977 4243 illud.
999 4229 1005 4242 .
1028 4230 1034 4242 .
1054 4188 1152 4251 militi,
1179 4205 1256 4242 nune

211 4276 324 4331 Simoni
343 4276 520 4341 Narmamio,
541 4274 739 4345 bajulandum.
785 4273 897 4329 Eodem
918 4280 1048 4343 tempore
1067 4271 1173 4327 accidit
1191 4272 1255 4342 regi

211 4360 358 4431 quoddam
388 4360 553 4431 periculum
573 4401 579 4413 .
602 4401 608 4413 .
630 4400 637 4413 .
658 4398 665 4412 .
686 4359 872 4422 infatuatum,
902 4357 952 4427 qui
983 4356 1080 4428 potius
1101 4356 1256 4427 jugulator

210 4464 299 4518 quam
314 4445 459 4516 joculator
471 4445 654 4516 postmodum
666 4450 712 4498 est
723 4448 865 4513 repertus.
903 4441 998 4496 Nocte
1017 4441 1095 4495 enim
1112 4439 1256 4511 profunda

244 4660 484 4727 ¹pereqriaationem
507 4696 513 4707 .
539 4695 545 4706 .
571 4695 577 4709 .
598 4656 706 4723 Sancto]
787 4655 797 4688 ²
820 4654 982 4720 Valentinum]
1003 4653 1180 4717 Walentinum,
1196 4654 1253 4706 MS.

210 4741 330 4809 Supplied
341 4740 406 4791 from
417 4738 485 4789 Hirr.
497 4737 569 4803 Anat
