3278 5610
528 790 574 840 on
595 789 754 840 moun
777 788 878 841 uren
900 786 1051 840 munos
1248 770 1313 836 216

268 963 436 1029 adventare,
457 963 592 1019 tentoriis
610 963 783 1020 festinanter
801 980 915 1019 summo
939 978 1023 1018 mane
1047 963 1167 1027 avulsis,
1188 964 1312 1034 aufugit.

269 1047 484 1120 Superveniens
510 1053 608 1103 antem
632 1062 693 1114 rex,
720 1047 814 1103 multa
841 1065 906 1119 quae
933 1046 1105 1103 festinantes
1135 1046 1315 1117 reliquerant

268 1132 298 1186 in
315 1133 467 1203 proprium
479 1131 654 1187 vendicavit.
693 1128 807 1186 Deinde
827 1148 924 1185 omnes
943 1131 1176 1186 adversariorum
1194 1148 1314 1185 suorum

267 1217 443 1271 munitiones
462 1219 492 1270 et
509 1221 604 1270 terras
623 1215 686 1270 sine
704 1214 787 1269 obice
804 1215 1040 1269 contradictionis
1053 1232 1206 1285 occupans,
1220 1231 1313 1284 usque

267 1300 305 1355 ad
323 1298 566 1355 Orucem·Karoli
584 1298 779 1354 formidabilis
804 1297 975 1361 habebatur,
995 1314 1048 1353 nec
1067 1304 1131 1352 erat
1148 1297 1199 1368 qni
1218 1297 1313 1352 eidem

267 1383 386 1439 rebellis
415 1385 604 1439 inveniretur.
656 1382 805 1437 Henricus
830 1381 1023 1437 Marcscallus
1044 1424 1050 1436 .
1073 1423 1080 1435 .
1103 1423 1109 1435 .
1130 1381 1310 1436 Exoniensis.

267 1468 392 1538 Trougae
410 1474 502 1539 capta
521 1470 589 1523 sunt
606 1467 682 1522 inter
706 1481 802 1537 reges.
848 1467 971 1521 Alexius
995 1465 1122 1536 quidam,
1145 1507 1151 1518 .
1174 1505 1181 1519 .
1204 1507 1210 1518 .
1231 1464 1474 1539 ἰωιυ·Τ1ιοειίιρο-

267 1552 401 1605 motabili
419 1555 598 1606 srmatomm
616 1550 699 1621 copia
722 1555 909 1621 congregata,
930 1549 1050 1615 Cursac,
1070 1554 1141 1604 tuno
1159 1549 1314 1619 imperato·
1326 1552 1368 1587 10?
1375 1540 1405 1618 0?
1414 1541 1479 1591 0011-

266 1652 329 1689 rem
348 1634 705 1706 Constantinopolitanum,
732 1635 809 1706 cepit
825 1633 972 1689 hostiliter
990 1631 1201 1705 aggressum3¹
1220 1638 1250 1686 et
1268 1649 1315 1685 ex·
1326 1608 1475 1684 immiste

267 1724 406 1774 caecatum
432 1723 462 1774 et
487 1719 696 1775 ementulstum
722 1724 861 1790 perpetuo
889 1719 1001 1773 carceri
1026 1717 1212 1787 mancipavit.
1251 1687 1413 1789 Rexffnsq'

267 1803 446 1858 Francorum
470 1805 644 1875 sollempnes
669 1804 791 1858 nuncios
809 1801 847 1857 ad
864 1818 966 1874 regem
988 1801 1147 1858 Ricardum
1166 1800 1313 1855 destinans

266 1889 379 1959 petivit,
399 1895 433 1944 ut
453 1888 563 1960 absque
584 1888 687 1958 majori
710 1887 834 1959 dampno
851 1887 1026 1959 populorum
1043 1887 1199 1956 utriusque
1216 1885 1312 1956 regni,

100 1979 143 2027 sol.
156 1985 188 2028 34
197 1978 219 2030 b.
266 1990 365 2042 pugna
384 1976 513 2043 quinque
530 1973 662 2027 virorum
685 1972 846 2026 electorum
863 1971 1018 2041 utrobique
1042 1971 1080 2025 lis
1105 1969 1314 2025 dirimeretur)

101 2062 164 2120 ibid,
177 2064 202 2114 ii
213 2071 252 2116 50.
265 2056 382 2111 Placuit
400 2063 498 2110 autem
515 2056 579 2110 haec
596 2053 725 2127 provisio
743 2055 809 2125 regi
830 2096 837 2109 .
860 2094 866 2108 .
889 2096 896 2108 .
920 2095 926 2108 .
946 2055 1104 2109 recusavit.

301 2169 458 2217 1⁰.c⁰.xcv⁰.
495 2162 558 2218 Bex
576 2161 720 2216 Ricardus
738 2180 792 2232 per
815 2162 936 2217 nuncios
951 2160 1145 2232 sollempnes³
1162 2179 1245 2232 papae
1263 2160 1312 2215 de·
1325 2173 1436 2225 menard

266 2245 388 2300 stinatos
417 2263 539 2317 gravem
570 2245 783 2315 querimoniam
807 2243 844 2299 de
862 2244 935 2300 duce
968 2242 1142 2315 [Austriae]⁴
1172 2245 1311 2315 reposuit,
1325 2242 1464 2305 complains

266 2329 343 2400 equod
355 2330 452 2399 ipsum
465 2329 528 2384 Deo
539 2329 716 2384 militantem
734 2337 765 2384 et
782 2328 819 2383 de
837 2329 1073 2400 peregrinatione
1086 2346 1139 2383 soa
1157 2334 1217 2383 tam
1235 2328 1313 2383 labo·
1325 2308 1405 2426 ἓξὲξ
1413 2325 1480 2426 ἓξὲξ

264 2414 343 2468 riosa
360 2412 531 2467 redeuntem
549 2413 636 2484 cepit,
655 2419 686 2468 et
708 2413 877 2468 indecenter
892 2413 1003 2476 afflixit,
1023 2413 1261 2483 imperatorique,
1279 2431 1313 2468 ac
1326 2439 1355 2490 of
1362 2441 1473 2494 Am

265 2496 291 2549 si
309 2496 361 2550 bos
380 2502 458 2550 osset
475 2496 522 2550 vel
548 2496 656 2561 asinus,
683 2496 825 2562 vendidit,
852 2514 905 2567 per
932 2495 1011 2567 quod
1027 2513 1152 2566 regnum
1169 2496 1313 2567 depaupe-

263 2597 329 2634 rare
348 2581 525 2652 cogebatur;
545 2581 588 2635 ita
606 2581 684 2651 quod
703 2581 823 2652 gravior
842 2587 906 2636 erat
924 2581 980 2646 illi,
1001 2598 1088 2651 quam
1107 2581 1133 2635 si
1151 2580 1214 2651 ipse
1233 2581 1314 2637 Sala·

264 2664 351 2719 dinus
385 2664 601 2735 paganissimus
636 2665 772 2735 cepisset,
808 2664 887 2735 quod
911 2666 1028 2736 etipse
1060 2664 1215 2719 Saladinus
1245 2671 1312 2720 ante

265 2755 390 2803 mortem
415 2752 594 2817 protestatus
613 2754 666 2801 cst.
704 2748 797 2803 Porro
821 2765 921 2803 omnes
946 2749 1168 2820 peregrinantes
1196 2756 1314 2820 ceperat

264 2831 389 2886 ecclesia
407 2830 533 2885 ineundo
560 2836 591 2885 et
615 2830 774 2897 redeundo,
795 2838 825 2887 et
843 2832 969 2886 maxime
989 2833 1109 2903 eosqui
1133 2831 1230 2887 redire
1249 2851 1314 2904 pro·

263 2923 431 2988 posuerant,
458 2933 553 2985 usque
572 2913 610 2969 ed
628 2914 797 2982 triennium,
819 2915 874 2971 sub
892 2928 979 2987 poena
997 2917 1311 2982 excommunicationis,

262 2998 467 3071 protegendos.
506 2999 587 3070 Papa
598 2999 693 3069 igitur
707 3040 737 3055 ..
760 3041 766 3055 .
789 3040 824 3054 ..
851 3000 903 3071 qui
915 3000 1075 3055 universali
1094 3001 1224 3055 ecclesia
1245 3042 1252 3055 .
1275 3043 1311 3056 ..

262 3085 360 3138 iacere
380 3081 536 3147 renuisset,
556 3099 633 3153 papa
651 3098 719 3137 cum
737 3083 849 3138 cunctis
868 3081 1065 3138 cardinalibus
1086 3124 1092 3138 .
1120 3124 1126 3137 .
1148 3124 1154 3137 .
1176 3124 1183 3139 .
1204 3083 1313 3139 denun-

262 3168 356 3234 cietis,
371 3167 439 3232 dux,
459 3164 594 3222 omnibns
613 3166 730 3238 spretis,
744 3166 896 3221 humiliari
914 3167 1070 3222 recusavit.
1105 3166 1250 3223 Percussa
1267 3175 1313 3224 cst

339 3292 346 3306 .
368 3293 375 3306 .
395 3251 554 3306 derivatus.
586 3246 643 3305 Die
656 3268 727 3306 vero
745 3251 839 3306 sancti
853 3249 1003 3320 Stephani,
1016 3250 1087 3304 dum
1105 3251 1313 3322 dnxpergeret
1348 3264 1453 3316 26Dec.

263 3335 436 3406 spaciatum,
466 3335 529 3406 ejus
557 3352 651 3407 equus
677 3334 812 3400 offensus,
831 3333 935 3388 tibiam
953 3334 1016 3405 ejus
1035 3350 1102 3389 cum
1120 3335 1193 3406 pede
1211 3335 1249 3390 ad
1266 3347 1447 3397 ar-Doethor

263 3420 362 3474 berem
381 3421 512 3491 graviter
530 3420 675 3475 contrivit.
711 3418 796 3474 Unde
821 3418 880 3474 cito
906 3423 982 3489 post,
1013 3417 1083 3488 igne
1110 3417 1219 3472 ibidem
1245 3414 1451 3492 por-thedlfflw,

262 3520 365 3559 cussus
391 3503 540 3567 infernali,
567 3521 634 3558 cum
661 3520 719 3557 non
745 3509 845 3574 posset
868 3501 1031 3557 cruciatum
1051 3501 1185 3565 tolerare,
1205 3502 1308 3573 pedem
1321 3483 1468 3596 ζωξὲωῃθᾱ

261 3585 380 3643 dolabro
409 3587 480 3642 fecit
510 3586 664 3658 amputari,
696 3591 727 3641 et
756 3587 799 3642 sic
828 3587 967 3642 miseram
997 3585 1123 3640 animum
1153 3586 1306 3642 exhalavit.
1320 3562 1441 3665 guidem·

96 3668 248 3722 lbiuiies.
261 3672 425 3743 Imperator
455 3670 603 3727 Henricus
635 3671 806 3743 subjugavit
826 3710 951 3727 .....
971 3667 1140 3725 debebatur.
1190 3669 1251 3724 Rex
1272 3671 1308 3726 de

260 3756 376 3812 Marroc
396 3797 577 3811 .......
598 3762 735 3828 coegerat
757 3755 891 3811 retroire.
929 3753 1036 3810 Omnes
1054 3754 1148 3825 igitur
1165 3753 1309 3810 increduli

261 3858 367 3911 pavore
385 3840 523 3910 perculsi,
539 3838 577 3894 ad
593 3840 713 3911 propria
730 3840 864 3896 certatim
883 3845 951 3895 sient
967 3838 1088 3894 reversi.
1127 3837 1208 3893 Obiit
1226 3837 1308 3893 Gari-
1320 3850 1405 3899 Doeth
1415 3853 1446 3901 os

262 3943 326 3988 nus,
347 3924 434 3977 abbas
453 3923 586 3979 ecclcsiae
605 3922 704 3980 Sancti
722 3923 840 3990 Albani,
861 3925 910 3979 cui
934 3925 1076 3979 successit
1098 3923 1240 3993 magister
1259 3923 1308 3978 Jo-
1320 3917 1396 3994 ³be

262 4009 370 4062 hannes
389 4008 424 4062 de
443 4006 534 4061 Cella.
572 4007 653 4078 Papa
677 4007 843 4063 Oclcstinus
863 4049 869 4061 .
892 4047 899 4062 .
921 4046 928 4062 .
948 4008 1089 4078 legatum.
1126 3980 1434 4100 Admoneturffifflie

111 4104 153 4156 fol,
166 4112 233 4157 350.
263 4089 357 4159 [rex]⁵
383 4091 561 4145 Fra1icorum
591 4090 759 4146 resumere⁰
783 4109 902 4147 uxorem
927 4109 1019 4155 suam,
1047 4093 1218 4146 auctoritate
1243 4109 1308 4161 upo-
1321 4115 1458 4167 Quam,

95 4177 372 4236 interiacentes.
410 4175 589 4229 Procurante
607 4192 678 4245 rege
699 4218 705 4229 .
728 4217 734 4229 .
757 4215 881 4229 .....
902 4174 1122 4229 absolutionem.
1321 4184 1401 4232 ceeds.

297 4288 468 4334 u⁰.c⁰.xcv1⁰.
509 4279 599 4335 Facta
623 4289 668 4336 est
694 4282 774 4353 pacis
799 4281 952 4335 conventio
971 4279 1097 4335 salubris
1115 4280 1192 4335 inter
1210 4298 1304 4353 reges.
1319 4289 1381 4340 War
1391 4307 1431 4342 re·

263 4365 321 4419 Sed
350 4365 546 4433 malignorum
571 4364 666 4419 sibilis
692 4383 743 4419 rex
768 4365 949 4420 Francorum
976 4365 1192 4421 circumventus
1219 4360 1430 4477 coepitffiltoegen

279 4486 910 4494 ...——-——..-.—.-——...---

295 4549 301 4580 ¹
320 4549 470 4614 wenna]
488 4564 625 4614 agressum,
636 4549 693 4601 MS.
843 4550 852 4580 ⁴
870 4548 993 4614 Aaou]
1013 4549 1123 4600 Omitted
1134 4550 1162 4600 in
1173 4550 1229 4602 MS.

295 4627 489 4695 idirimeretur]
509 4629 677 4690 discuteretur,
688 4629 744 4680 MS.
842 4629 927 4694 ⁵rer]
947 4628 1161 4681 OmittedinMS.

295 4704 473 4775 lwmmpues]
492 4708 642 4773 solempnes,
653 4707 709 4760 MS.
842 4708 1003 4774 lreeumere]
1020 4723 1157 4774 rosanae,
1166 4708 1223 4763 MS.
