3278 5610
506 766 554 816 ns
575 767 734 817 russone
755 768 857 819 soors
880 766 1058 821 sosoma
1240 753 1305 817 223

88 939 122 990 Η.
134 939 168 991 Δ.
180 940 206 994 ii.
254 933 432 1007 suffraganei
449 941 653 1007 procuratores
673 955 741 995 suos
765 938 889 994 Romam
909 981 915 993 .
938 980 944 993 .
967 981 974 994 .
994 937 1207 1012 querimoniam
1225 943 1475 1011 repo-A.D.1206.

91 1010 145 1056 ¹⁰7·
253 1024 364 1083 nentes,
382 1018 461 1091 quod
479 1021 617 1075 monachi
642 1021 868 1078 cantuarienses
895 1023 957 1078 sine
983 1023 1043 1078 illis
1069 1021 1241 1078 electionem
1259 1021 1308 1075 vel

254 1103 480 1173 postulationem
493 1109 605 1159 temere
623 1107 882 1177 praesumpsissent
894 1107 1051 1161 celebrare.
1090 1106 1225 1160 Monaohi
1237 1123 1307 1160 vero

257 1226 437 1243 .......
457 1187 622 1243 diffinitiva.
661 1188 804 1245 Obierunt
820 1190 989 1245 Willclmus
1009 1232 1016 1245 .
1040 1232 1047 1245 .
1070 1232 1075 1244 .
1097 1190 1260 1261 episcopus,
1279 1196 1308 1243 et

255 1269 403 1327 Henricns
422 1312 430 1327 .
452 1313 459 1326 .
480 1314 487 1327 .
507 1272 545 1327 ds
562 1272 681 1343 Apulia.
722 1273 874 1329 Jocelinus
894 1315 901 1328 .
923 1316 930 1329 .
953 1318 958 1329 .
979 1273 1223 1330 Bathoniensem¹
1243 1291 1308 1329 con·

256 1359 398 1412 secratur.
434 1355 605 1427 Eodemque
618 1375 692 1411 anno
704 1376 756 1413 rex
769 1357 788 1412 J
790 1359 926 1423 ohannes,
940 1365 1024 1430 capto
1040 1359 1201 1414 fortissimo
1213 1364 1309 1413 castro
1320 1360 1424 1415 Arrivu

258 1479 266 1494 .
296 1479 302 1496 .
331 1480 339 1496 .
365 1439 507 1496 Pictoris.
546 1438 694 1495 Johaunes
713 1441 888 1497 Ferentinae
906 1443 1029 1497 veniens
1057 1442 1173 1513 legatus
1200 1441 1232 1499 in
1249 1427 1470 1507 An·⁰f·l⁰¹¹!¹⁰f

256 1522 359 1595 gliam,
373 1541 500 1595 eumque
513 1525 709 1595 perlustrans,
723 1542 861 1597 magnam
878 1543 914 1581 ex
926 1543 961 1580 sa
978 1526 1132 1597 pecuniam
1150 1525 1306 1597 congessit.
1320 1494 1456 1627 ἓξὲξ

257 1607 297 1662 Et
314 1606 433 1664 taudem
451 1649 459 1664 .
480 1648 487 1664 .
509 1648 516 1663 .
534 1608 704 1680 Radingum
722 1610 845 1665 coneilio
870 1610 1026 1674 celebrato,
1045 1609 1215 1682 repentinus
1240 1627 1308 1665 cum
1441 1602 1448 1615 ’

91 1685 195 1736 Ibidii·
258 1689 377 1747 clitellis
395 1691 546 1762 completis
564 1693 716 1751 remeavit.
754 1694 879 1765 lbengm
900 1735 907 1749 .
929 1733 936 1748 .
957 1734 964 1747 .
983 1694 1208 1751 constituuntur.

94 1757 150 1802 ¹⁰⁸⁹
292 1817 457 1864 1⁶.co⁰.r11⁰.
493 1809 556 1864 Rex
575 1810 723 1866 Johanncs
742 1810 806 1865 dies
825 1809 944 1864 Domini
961 1811 1123 1866 Natalicios
1136 1809 1214 1883 apud
1225 1809 1307 1866 Win·
1319 1814 1389 1865 John
1400 1823 1427 1866 st

93 1904 126 1953 11.
138 1903 172 1954 Α.
183 1903 210 1955 ii.
257 1893 366 1948 toniam
384 1893 552 1949 celebravit.
590 1893 748 1948 Deindein
761 1934 861 1948 .....
876 1895 991 1949 cunctis
1005 1894 1307 1950 licetobmurmuran-
1320 1880 1452 1933 Wffichffl·

96 1975 148 2020 108·
257 1977 335 2033 tibus
353 1983 384 2033 et
399 1995 460 2050 pria
478 1977 578 2037 dolore
602 1977 871 2049 ingemiscentibus
911 1977 998 2039 Solus
1023 1978 1193 2042 Gantridus,
1213 1954 1363 2032 archi-tm

256 2061 410 2133 episcopus
428 2062 631 2126 Eboraoensis,
650 2063 736 2132 plane
756 2102 764 2124 ,
782 2102 790 2119 .
811 2103 818 2127 ,
838 2061 890 2135 qui
916 2061 938 2131 ['
960 2059 994 2132 ]²
1018 2061 1091 2118 ειιο11
1115 2061 1307 2133 archiepisco·

256 2151 328 2216 patu
356 2145 431 2201 hano
461 2147 597 2217 rapinam
627 2147 765 2210 lacerent,
795 2152 826 2201 et
855 2146 886 2200 in
917 2163 1025 2217 genere
1051 2187 1058 2200 .
1086 2187 1093 2200 .
1118 2145 1304 2201 ‚innodavit

256 2227 332 2284 Otho
349 2229 430 2285 venit
449 2270 456 2294 ,
479 2270 486 2284 .
508 2270 515 2294 ,
536 2236 652 2285 etcum
675 2230 806 2285 venisset
823 2229 998 2294 Londonias,
1018 2236 1121 2286 ornata
1138 2236 1184 2285 est
1202 2230 1306 2285 civitas
1319 2234 1473 2288 Visitoftbe

89 2310 195 2365 Ibidii.
256 2314 380 2378 coronis,
408 2313 594 2386 lampadibus
621 2319 651 2369 et
675 2313 835 2370 olosericis.
872 2314 912 2369 Et
937 2331 1004 2369 oum
1030 2331 1083 2386 per
1102 2354 1109 2369 .
1131 2354 1138 2368 .
1159 2355 1166 2370 .
1186 2312 1305 2386 gaudio,
1319 2317 1433 2367 ‘mim

93 2383 147 2429 ¹⁰⁹·
255 2397 464 2469 multiplicavit
493 2398 656 2469 imperator
681 2437 689 2452 .
719 2439 725 2452 .
753 2438 761 2452 .
787 2402 969 2463 restaurare;
1000 2397 1091 2452 immo
1121 2397 1210 2453 ctiam
1237 2440 1243 2453 .
1268 2440 1275 2454 .
1297 2368 1426 2486 .οΜᾞὲῐο

106 2444 225 2496 lim
255 2482 389 2537 casses
408 2481 465 2536 siu
483 2481 598 2536 asaias
616 2481 822 2537 nunciantur
840 2481 1006 2552 subjugare.
1043 2480 1129 2537 unse
1140 2481 1219 2536 suem
1240 2524 1246 2536 .
1268 2524 1275 2537 .
1297 2452 1445 2573 ffless'ssssf

254 2583 368 2621 marcas
386 2565 495 2620 meruit
512 2572 675 2637 reportare.
714 2565 775 2621 Sub
800 2566 911 2621 eisdem
929 2564 1110 2636 temporibus
1129 2567 1236 2621 fratres
1255 2566 1306 2637 qui
1319 2583 1469 2639 mmm

255 2649 392 2705 dicuntur
422 2647 561 2713 Minores,
594 2649 710 2705 favente
739 2667 816 2721 papa
842 2649 1022 2714 Innocentio,
1055 2650 1228 2721 inceperunt
1253 2649 1373 2722 parites.

255 2732 320 2789 loca
337 2733 437 2789 domos
457 2732 611 2797 aedificare,
631 2738 662 2788 et
680 2750 729 2788 eas
754 2732 786 2786 iu
808 2733 982 2803 capitalibus
1007 2733 1176 2795 civitatibus
1194 2735 1307 2790 inhabi-

255 2822 328 2880 tare,
349 2822 379 2871 et
403 2815 519 2887 publico
545 2816 714 2888 praedicare.
763 2816 875 2871 Eodem
899 2822 1030 2888 temporo
1050 2817 1200 2873 monachis
1229 2817 1304 2874 Oan-
1318 2812 1434 2871 Electicn
1447 2815 1476 2867 os

256 2900 454 2955 tuariensibus
473 2898 511 2954 ad
535 2900 661 2956 invicem
686 2901 911 2963 decertantibus,
934 2902 991 2971 ipsi
1015 2919 1069 2972 pro
1093 2920 1155 2967 suo,
1175 2902 1227 2957 alii
1253 2921 1307 2976 pro
1319 2880 1428 2944 ΜΡΝ
1440 2884 1472 2932 ‘¹⁰

1318 2947 1465 3013 aegeone

258 3002 312 3038 sno
331 2983 433 3048 electo,
453 2984 596 3039 instinctu
612 3002 695 3056 papas
719 2983 872 3056 elegerunt
896 2985 1030 3039 monachi
1048 2986 1224 3056 magistrum
1243 2986 1306 3041 Ste-

257 3067 386 3141 phanum
399 3067 435 3122 de
447 3068 616 3140 Langetona
635 3108 642 3122 .
665 3108 672 3122 .
693 3109 700 3123 .
722 3109 729 3124 .
749 3074 780 3123 ct
792 3068 923 3123 scientia.
957 3068 1135 3141 Dictnmnc
1148 3070 1214 3135 fuit,
1229 3069 1307 3142 qnod

257 3169 333 3222 papa
350 3169 386 3205 ex
403 3151 516 3206 invidis
532 3151 588 3206 hoc
605 3152 783 3225 procuravit,
798 3158 840 3215 ut,
854 3152 972 3207 absente
989 3153 1132 3223 magistro
1148 3153 1305 3225 Stephano,

257 3236 320 3307 ipsa
338 3236 482 3291 maximus
501 3235 666 3302 videretur,
687 3235 740 3290 sed
758 3235 828 3306 quia
846 3234 943 3306 ipsum
961 3252 1037 3306 papa
1054 3242 1212 3301 creaverat,
1226 3237 1306 3292 nnllo

258 3319 343 3375 modo
364 3320 392 3374 ei
410 3337 487 3391 papa
504 3319 601 3392 potnit
618 3319 649 3374 in
666 3319 841 3374 necessitate
860 3318 971 3373 deesse.
1009 3317 1117 3374 Omnes
1135 3320 1229 3391 igitur
1246 3338 1306 3376 mo-

257 3405 344 3459 nachi
361 3404 412 3475 qui
431 3405 532 3459 Romae
552 3445 559 3458 .
582 3444 612 3459 ..
632 3403 903 3474 .archiepiscopum
922 3409 1115 3458 memoratum
1134 3404 1229 3474 palam
1241 3422 1306 3476 pro-

257 3489 465 3543 clamaverunt
492 3488 574 3561 Papa
586 3487 680 3559 igitur
693 3486 879 3541 Innocentius
891 3487 956 3557 regi
972 3527 980 3542 .
995 3528 1002 3540 .
1019 3529 1025 3541 .
1042 3527 1049 3541 .
1062 3528 1069 3541 .
1081 3528 1087 3541 .
1100 3528 1106 3541 .
1122 3488 1262 3559 speciales
1275 3488 1306 3543 in

257 3572 366 3627 vntute
379 3571 552 3627 obedientia
572 3611 579 3625 .
600 3613 608 3626 .
630 3611 636 3624 .
657 3570 817 3625 obedirent.
855 3569 920 3625 Hoc
933 3577 1032 3624 cutem
1044 3570 1165 3626 audiens
1177 3589 1229 3625 rex
1241 3571 1261 3625 J
1264 3568 1306 3645 [o-

256 3653 379 3727 hanna]
392 3656 486 3711 iratus
499 3654 652 3719 ostvalde,
667 3663 727 3711 tam
746 3653 782 3708 de
800 3654 980 3727 promotione
998 3654 1135 3726 magistri
1154 3654 1304 3727 Stephani,

257 3758 345 3813 quam
362 3740 524 3796 cassatione
537 3739 584 3794 sni
600 3737 696 3803 electi,
710 3738 840 3817 episcopi
852 3738 991 3794 videlicet
1008 3738 1214 3805 Norwioensis,
1229 3739 1306 3796 unde

257 3824 391 3879 monachi
418 3823 646 3878 Cantuarienses
676 3840 694 3876 a
723 3821 809 3877 domo
839 3841 893 3877 sua
923 3828 992 3877 sunt
1022 3823 1145 3894 expulsi.
1181 3822 1306 3880 Dicebat

257 3908 337 3979 ipsos
364 3925 432 3962 suos
459 3908 552 3963 fuisse
571 3907 715 3971 inimicos,
736 3907 787 3978 qui
814 3906 995 3977 Stephanum
1021 3907 1107 3961 illum
1131 3907 1304 3980 elegerunt3

257 3991 343 4062 regni
355 3990 472 4062 Angliae
484 3990 634 4063 publicum
646 3990 807 4055 inimicum,
822 3991 874 4062 qni
893 4030 901 4045 .
921 4030 928 4044 .
943 4031 950 4046 .
965 4030 972 4044 .
988 4031 995 4044 .
1015 3993 1189 4048 consecrari.
1228 3991 1305 4047 qu-
1316 3983 1458 4049 E¹P¹¹l⁸i⁰¹¹

256 4073 386 4130 lantibus
404 4074 498 4143 igitur
515 4073 664 4129 monachis
689 4079 719 4129 et
744 4074 884 4129 infiscatis
910 4074 1044 4129 omnibus
1069 4074 1152 4130 bonis
1180 4074 1305 4131 Cantus·
1316 4050 1396 4103 ΜΘ

257 4159 363 4214 riensis
386 4159 527 4222 ecclesias,
547 4159 682 4229 pervenit
706 4158 891 4229 querimonia
908 4165 1059 4213 tantorum
1078 4176 1251 4215 excessuum
1269 4119 1449 4241 adfflgff

258 4261 372 4315 papam,
403 4248 435 4296 et
467 4247 529 4296 tota
558 4243 640 4296 curia
673 4241 821 4296 Psomana⁴
851 4247 996 4297 commota
1031 4248 1077 4297 cst
1106 4244 1302 4300 vehementer.
1316 4255 1388 4318 bury.

292 4418 299 4449 ¹
317 4416 521 4483 Bothcniensem]
540 4415 649 4476 Bothori,
661 4416 716 4466 MS.
837 4416 847 4446 ⁴
866 4423 916 4465 tota
930 4417 1001 4465 curia
1018 4416 1145 4488 chsanc]
1165 4427 1243 4473 totam
1259 4435 1303 4471 en-

292 4495 303 4528 ²
319 4494 360 4561 in]
378 4494 497 4560 Supplled
507 4494 574 4545 from
584 4493 653 4544 Hirr.
665 4494 736 4560 Acyl.
804 4495 868 4545 riam
880 4494 1027 4555 Romanam,
1039 4495 1095 4546 MS.

292 4575 303 4606 ⁸
319 4575 382 4641 suo]
415 4574 544 4638 Repented
577 4573 760 4639 superfluously

259 4654 323 4706 atter
333 4653 554 4721 archiepiscopatu
