3278 5610
362 768 426 831 138
487 781 652 831 mmmm
676 781 889 834 asnmnnsrs
912 782 1076 835 nmmum
1096 784 1295 841 suetonum

190 963 459 1017 A.D.1tta.sorum
477 962 564 1029 atque
582 958 742 1030 virgiuum,
757 959 947 1032 omniumque
966 965 1134 1017 sauctorum
1152 960 1218 1025 Dei,
1239 979 1406 1020 excommu-

359 1043 500 1110 nicamus,
538 1043 825 1111 anathematizamus,
859 1048 889 1099 et
918 1062 936 1098 a
965 1044 1118 1101 liminibus
1158 1051 1266 1103 sanctae
1300 1049 1405 1107 matris

359 1127 491 1183 ecclesiae
517 1132 734 1198 sequestramus
769 1145 870 1184 omnes
895 1127 972 1195 illos,
1001 1129 1053 1203 qui
1079 1129 1182 1185 amodo
1218 1130 1345 1186 scienter
1374 1139 1405 1189 et

356 1211 503 1270 malitiose
522 1212 661 1271 eeclesias
673 1212 856 1284 privaverint
867 1212 915 1269 vel
927 1212 1119 1289 spoliaverint
1138 1230 1192 1269 suo
1205 1214 1283 1286 jure.
1315 1214 1402 1281 Item,

356 1313 455 1351 omnes
479 1295 555 1362 illos,
583 1296 635 1369 qui
662 1295 876 1352 ecclesiasticas
901 1295 1055 1352 libertates
1081 1296 1131 1351 vel
1156 1296 1293 1368 antiquas
1318 1297 1404 1372 regul

357 1378 581 1435 consuetudines
615 1379 772 1450 probatas,¹
798 1384 829 1433 et
855 1379 1004 1450 praecipue
1030 1379 1193 1443 libertates,
1233 1385 1263 1436 at
1294 1380 1402 1439 liberas

360 1462 674 1534 consuetudinesque
692 1462 723 1518 in
736 1460 834 1518 Oartis
847 1462 1047 1518 communium
1064 1462 1250 1521 Libertatum
1267 1464 1404 1539 Angue*

355 1550 386 1601 et
403 1546 439 1600 de
457 1545 580 1602 Foresta
604 1544 799 1613 continentur,
818 1546 965 1601 concessis
990 1563 1008 1600 a
1034 1546 1151 1601 domino
1176 1564 1248 1618 rege
1266 1546 1404 1621 Angliie⁸

353 1629 590 1702 archiepiscopis,
603 1629 759 1701 episcopis,
774 1634 804 1685 ot
823 1629 928 1684 ceteris
944 1627 1063 1700 Angliae
1081 1629 1221 1700 praelatis,
1235 1631 1400 1697 comitibus,

351 1713 520 1778 baronibus,
550 1713 694 1768 militibus
724 1717 755 1767 et
779 1712 873 1767 libere
898 1712 1077 1779 tenentibus,
1104 1714 1321 1786 qualicunque⁴
1338 1723 1401 1773 arte

351 1797 400 1852 vel
426 1797 546 1868 ingenio
570 1795 699 1852 temero⁶
716 1793 914 1860 violaverint‚⁶
939 1795 1132 1853 diminuerint
1156 1815 1210 1853 seu
1227 1798 1401 1855 immutave-

351 1881 420 1946 rint,
442 1881 517 1936 clam
542 1880 591 1936 rel
613 1881 721 1952 palam,
741 1881 826 1945 facto,
847 1880 946 1946 vcrbo,
973 1881 1022 1936 val
1047 1881 1178 1946 consilio,
1206 1888 1306 1938 contra
1333 1883 1399 1939 illas

350 1965 399 2020 vel
424 1982 525 2020 earum
548 1965 688 2035 aliquam,
708 1965 740 2019 in
766 1981 950 2036 quocumque
975 1965 1099 2020 articulo
1118 1971 1228 2021 temere
1245 1967 1398 2024 venienda.

351 2048 437 2112 Item,
463 2047 513 2103 in⁷
531 2048 608 2113 illos,
639 2049 691 2119 qui
718 2053 819 2103 contra
842 2047 911 2103 illas
928 2048 977 2103 vel
1004 2066 1106 2103 earum
1133 2050 1263 2120 aliquam
1291 2055 1401 2109 statuta

351 2131 506 2197 ediderint,
525 2131 574 2188 vel
598 2131 676 2188 edita
703 2130 893 2198 servaverint,
922 2132 1147 2189 consuetudines
1174 2133 1397 2202 introduxerint,

350 2216 398 2271 vel
426 2215 606 2279 servaverint
642 2214 834 2280 introductas,
871 2215 1030 2287 scriptores
1063 2219 1249 2280 statutorum,
1287 2234 1399 2274 necnon

350 2299 533 2355 consiliarios
559 2303 589 2354 et
616 2303 794 2364 executores,
822 2295 871 2354 et⁸
890 2298 942 2369 qui
970 2299 1131 2354 secundum
1148 2317 1183 2354 ea
1200 2317 1397 2377 praesumpse-

349 2383 409 2439 rint
423 2381 566 2454 judicare.
612 2380 668 2450 Qui
692 2398 792 2437 omnes
811 2387 842 2438 et
859 2381 971 2454 singuli
990 2383 1126 2453 superius
1152 2383 1306 2438 memorati
1324 2384 1399 2440 hanc

350 2465 524 2522 senteutiam
542 2465 711 2523 incursuros
735 2483 766 2520 se
784 2464 921 2521 noverint
937 2465 1002 2538 ipso
1023 2466 1109 2531 facto,
1131 2465 1182 2538 qui
1201 2466 1328 2523 scienter
1346 2468 1399 2525 ali·

349 2549 421 2620 quid
450 2548 651 2604 commiserint
680 2548 716 2603 de
742 2548 901 2620 praedictis.
950 2548 1006 2618 Qui
1032 2549 1122 2606 vero⁹
1139 2549 1319 2623 ignoranter,
1339 2553 1399 2609 nisi

349 2632 518 2688 commoniti
541 2631 618 2687 infra
643 2632 821 2702 quindenam
838 2649 856 2686 a
872 2637 1004 2703 tempore
1030 2634 1266 2690 commonitionis
1285 2653 1316 2691 se
1335 2654 1399 2692 cor·

348 2716 485 2781 rexerint,
523 2722 554 2771 at
588 2715 710 2771 arbitrio
740 2715 956 2775 ordinariorum
986 2717 1101 2789 plenius
1133 2718 1332 2774 satisfecerint
1361 2720 1398 2775 de

347 2799 521 2866 commissis,
541 2805 646 2854 extunc
665 2799 725 2854 sint
742 2799 797 2854 hac
823 2799 968 2854 sententia
995 2800 1129 2857 involuti.
1179 2801 1291 2857 Eadem
1309 2803 1398 2859 etiam

347 2883 492 2945 sententia
509 2882 681 2938 innodamus
703 2898 804 2937 omnes
830 2882 908 2948 illos,
928 2882 983 2953 qui,
1006 2900 1110 2954 pacem
1143 2884 1224 2954 regis
1252 2891 1282 2940 et
1311 2887 1397 2958 regni

346 2966 588 3038 presumpserint
604 2965 786 3037 perturbare.
831 2965 868 3019 In
887 2966 972 3038 cujus
988 2962 1058 3036 [rei]
1068 2965 1088 2998 ¹⁰
1099 2968 1273 3023 memoriam
1291 2969 1398 3040 sempi-

345 3056 469 3117 ternam,
488 3068 541 3106 nos
560 3050 661 3121 sigilla
677 3054 777 3104 nostra
793 3049 988 3121 praesentibns
1006 3049 1143 3105 duximus
1161 3053 1340 3123 apponenda.

179 3169 287 3237 Thebp.
300 3172 331 3223 of
391 3156 489 3223 Hanc
523 3161 634 3222 autem
666 3153 876 3234 sententiam,
908 3177 929 3218 a
959 3176 1036 3242 rege
1068 3159 1102 3220 et
1135 3157 1289 3222 omnibus
1322 3157 1397 3232 aliis

177 3235 325 3355 {fflsshh
345 3259 532 3325 voluntarie
573 3279 766 3337 concessam,
810 3255 889 3322 fecit
943 3256 1112 3343 episcopus
1156 3258 1395 3324 Lincolniensis

178 3379 333 3450 smnnoe'to
347 3362 511 3429 Robertus
534 3361 571 3425 in
594 3359 714 3425 diocesi
737 3381 797 3424 sua
819 3357 1009 3443 frequenter
1030 3358 1171 3425 recitari.

176 3438 332 3556 mss

347 3585 407 3654 Fit
429 3585 648 3676 querimonia
670 3607 693 3651 a
721 3581 998 3772 Wpeapmtcnstbaa
1020 3581 1062 3649 dc
1085 3582 1238 3671 Spmonc,
1261 3585 1380 3653 comite

812 3684 981 3753 racestrv’oe.

178 3837 332 3902 complains
391 3825 563 3893 Paridem
595 3829 724 3910 tempus
755 3822 833 3890 fecit
864 3844 924 3888 rex
958 3822 1131 3889 acclamari
1153 3822 1190 3887 in
1210 3824 1394 3904 Wasconia,

176 3904 290 4022 {Qus
345 3928 434 4016 quod
475 3927 586 3993 nullus
620 3930 743 3991 extunc
774 3925 887 3990 comiti
923 3924 1083 4012 S[imoni]
1120 3925 1309 3994 intenderet
1340 3928 1394 3993 vel

177 4037 328 4101 aguntus
346 4030 498 4097 obediret
546 4027 788 4092 Mandaverant
810 4027 898 4091 enim
930 4029 1022 4113 prius
1055 4029 1125 4113 regi
1149 4026 1393 4110 Wasconenses,

378 4220 533 4287 ¹probatas]
552 4220 709 4284 approbatas,
719 4218 783 4268 eota
796 4219 846 4268 and
924 4216 1107 4282 “violaverim
1137 4217 1297 4282 violaverint,
1319 4219 1394 4271 infre·

343 4302 392 4366 Ry.
889 4295 981 4361 gerini,
993 4296 1059 4347 Cott.
1072 4298 1124 4346 and
1134 4297 1184 4361 Ry.

377 4378 388 4411 ²
404 4378 514 4445 Aaplioe]
533 4380 591 4430 Om.
601 4379 650 4444 ay.
922 4375 933 4411 ⁷
951 4376 989 4441 in]
1011 4391 1105 4438 omnes,
1117 4375 1184 4426 eoo.
1197 4379 1247 4427 and
1257 4378 1306 4443 ay.

377 4457 791 4524 ³Anqliae]0m.cott.snd1ty.
923 4453 987 4520 Βεἰ]
1008 4456 1065 4507 Om.
1078 4455 1126 4519 ny.

376 4535 574 4601 ⁴qualicmsqus]
602 4551 757 4600 quacunque,
778 4535 844 4586 Cott.
923 4534 1020 4600 ⁹vero]
1040 4533 1208 4595 enarmonia

345 4617 395 4666 and
406 4616 456 4678 Ry.
923 4611 943 4643 ¹⁰
959 4613 1009 4678 rer]
1036 4612 1158 4678 SuppIIad
1180 4613 1246 4664 stom
1266 4615 1304 4677 E,
1317 4615 1393 4676 Coit,

376 4695 387 4727 ⁵
405 4694 505 4759 uma]
524 4692 582 4744 Om.
594 4691 660 4744 cota
673 4694 723 4743 and
734 4693 783 4757 Ry.
890 4693 938 4742 and
950 4693 999 4756 ay.
