3278 5610
362 799 405 866 34
482 811 646 866 uanum
669 811 881 866 recurrens
904 812 1069 866 merolus
1090 814 1291 869 assuerunt

194 991 262 1041 Μ)-
277 995 349 1044 1²48·
362 992 467 1080 igitur
489 993 600 1059 omnia
629 1015 732 1080 usque
753 993 798 1060 ad
830 993 1032 1081 quindenam
1063 995 1266 1063 Nativitatis
1300 998 1407 1064 sancti

212 1080 244 1125 ²⁴
256 1075 332 1128 ³⁰⁰⁰·
362 1095 387 1161 J
389 1095 525 1166 ohannis
549 1095 717 1184 Baptistae.
764 1094 917 1163 Sod1ros
932 1097 1052 1163 effectu
1065 1103 1105 1165 et
1115 1097 1288 1165 successu2
1302 1102 1407 1166 caruit

362 1197 523 1284 usquein
551 1204 746 1286 praesentem
769 1199 866 1276 diem,
888 1201 1068 1267 secundum
1090 1200 1175 1269 illud
1208 1201 1408 1295 Philosophi,

361 1299 459 1383 “Qui
481 1300 540 1368 diu
561 1298 701 1382 distulit,
725 1301 785 1369 diu
807 1300 963 1372 noluit.’'³

452 1629 597 1717 Consano
619 1630 815 1713 Fretlrorico,
837 1633 1100 1722 increpitarent
1118 1635 1325 1704 Parmensea

193 1824 317 1876 Theoiti·
404 1799 504 1866 Anno
526 1821 643 1887 nempe
665 1799 727 1865 sub
757 1800 871 1866 eodem
905 1799 1096 1867 Parmenses
1128 1801 1250 1868 obsessi
1281 1824 1407 1891 compe·

192 1891 293 2009 {tm
359 1903 482 1971 rientes
513 1902 747 1984 Frethericum,
780 1904 839 1991 qui
871 1926 926 1970 eos
961 1905 1134 1984 obsederit,
1157 1906 1222 1971 ad⁴
1252 1907 1408 1974 ulteriora

192 2025 307 2077 oraine
360 2030 395 2074 se
417 2006 601 2089 contulisse,
625 2007 779 2073 exierunt
801 2008 912 2074 subito
944 2030 1019 2074 cum
1051 2010 1178 2096 impetu
1208 2032 1336 2098 magno,
1360 2012 1408 2077 in·
1461 2009 1462 2013 ’

192 2092 307 2210 {me
360 2111 596 2198 venientesque
629 2116 663 2177 et
693 2110 890 2178 invadentes
912 2110 1116 2178 exercitum⁶
1140 2112 1330 2193 Freiherissh
1352 2115 1409 2200 qui

193 2240 313 2290 emperor.
360 2215 425 2281 sibi
447 2237 517 2282 non
538 2219 673 2281 tanturn
695 2219 803 2281 castra
833 2215 890 2282 sed
925 2215 1026 2281 etiam
1049 2216 1220 2282 civitatem
1243 2218 1307 2283 sibi
1330 2219 1410 2284 aedi·

360 2319 524 2399 ficaverat,
549 2339 648 2404 quam
670 2317 852 2384 Victoriam
886 2318 1083 2405 appellabat,
1118 2320 1226 2405 ipsum
1258 2321 1409 2387 totaliter

359 2422 398 2488 in
419 2444 475 2488 ore
497 2421 600 2509 gladii
614 2420 825 2509 dissiparunt,
837 2421 1024 2508 multosque
1040 2422 1251 2502 trucidantes,
1267 2424 1409 2510 reliquos

359 2527 397 2590 in
419 2524 531 2613 fugam
554 2525 789 2612 compulerunt.
836 2521 979 2589 Diruta⁶
1000 2529 1104 2611 rgrtur
1125 2524 1197 2612 ipsa
1217 2547 1306 2592 nova
1328 2527 1408 2592 civi-

359 2636 439 2710 tate,
462 2635 669 2720 asportantes
690 2653 793 2711 arma,
825 2630 984 2696 utensilia
1017 2635 1051 2696 et
1083 2631 1274 2697 thesaurum
1305 2633 1409 2720 ipsius

192 2759 329 2813 Theodoro
360 2735 550 2814 hetherici,
563 2733 729 2820 occisoque
745 2733 892 2820 ejusdem
907 2732 1039 2821 speciali
1055 2734 1240 2800 consiliario
1256 2735 1407 2818 Thadaeo,

192 2827 335 2948 {ssfifgml
360 2839 448 2904 cives
470 2860 545 2905 cum
566 2837 736 2926 triumpho
758 2837 795 2902 in
817 2837 989 2904 civitatem
1011 2859 1104 2903 suam
1118 2838 1270 2904 laetantes
1285 2862 1407 2905 remea-

360 2946 448 3008 runt.
495 2941 578 3008 Haec
593 2962 667 3007 cum
681 2940 827 3008 audisset
843 2939 1060 3022 Frethericus,
1075 2962 1144 3005 non
1159 2963 1192 3006 se
1208 2964 1274 3027 praa
1296 2942 1406 3008 dolore

360 3046 498 3133 capiens,
521 3048 751 3132 argumentose
773 3043 933 3133 cogitavit
955 3065 1025 3109 sese
1046 3043 1222 3124 vindicare,
1253 3051 1288 3111 et
1320 3045 1407 3110 infra

358 3151 459 3216 breve
480 3155 611 3236 tempus
633 3148 780 3215 exercitu
794 3152 955 3226 revocato,
970 3146 1174 3213 obsidionem
1189 3147 1405 3215 continuavit.

359 3253 469 3341 Hujus
491 3250 563 3319 rei⁷
585 3256 724 3319 eventus
757 3253 863 3334 series,
888 3252 959 3317 Deo
994 3250 1197 3338 disponente,
1230 3252 1273 3317 ad
1308 3253 1405 3318 decus

359 3357 501 3424 ecciesiae
523 3362 558 3422 ct
580 3356 719 3422 dedecus
740 3353 954 3442 F[retherici]
978 3354 1158 3420 terminum
1181 3358 1231 3419 est
1246 3353 1405 3423 sortitus.⁸

393 3651 484 3717 ¹Sed]
505 3650 556 3712 Set,
566 3650 622 3701 MS.
637 3649 799 3714 throughout
937 3647 1109 3715 ⁸exercitam]
1156 3650 1316 3712 excercitum,
1349 3651 1405 3702 MS.

390 3731 401 3765 1
417 3729 544 3796 mecam]
563 3744 674 3788 suceesu,
685 3728 742 3780 MS.
904 3729 1065 3794 throughout
1188 3751 1189 3754 ¹

390 3806 717 3873 ³Sodreo....n01oo]
747 3807 857 3858 Written
938 3807 1275 3874 6Βίτηιεα]1)11ϊιι11ι,Μ8.

356 3905 417 3945 over
433 3907 466 3941 an
483 3903 591 3949 erasure,
607 3889 659 3938 and
675 3887 704 3936 in
720 3888 763 3937 the
780 3888 857 3938 lower
937 3887 949 3924 ⁷
965 3889 1014 3953 rei]
1033 3887 1179 3939 Interlined.

357 3973 456 4039 margin
468 3970 490 4020 is
502 3986 518 4018 a
528 3975 595 4029 note,
607 3967 692 4016 which
710 3981 813 4031 appears
829 3975 856 4017 to
937 3967 949 3998 ⁸
966 3966 1024 4016 Deo
1041 4004 1047 4017 .
1064 4004 1072 4018 .
1090 4004 1097 4018 .
1121 4005 1128 4018 .
1151 3968 1264 4033 sortitus]
1295 3968 1404 4020 Written

356 4054 422 4104 refer
435 4061 463 4103 to
480 4050 658 4114 thhpaswge:
677 4045 729 4097 Sed
746 4063 785 4096 res
802 4063 855 4097 cum
904 4061 965 4096 over
981 4061 1014 4096 an
1031 4061 1138 4108 erasure,
1150 4047 1193 4097 the
1209 4047 1265 4098 flret
1280 4050 1362 4098 words
1379 4050 1409 4098 of

356 4131 444 4200 effectu
464 4145 539 4194 usqae
561 4129 587 4177 in
608 4134 698 4192 ternpus
720 4124 855 4176 medanam
904 4125 989 4175 which
999 4141 1091 4190 appear
1102 4133 1128 4176 to
1139 4126 1203 4176 have
1220 4129 1284 4176 been
1303 4129 1330 4178 ia
1343 4127 1405 4177 libro
1480 4150 1481 4154 ¹

356 4215 418 4277 cepit
435 4209 578 4260 dilationem.
612 4206 677 4257 This
692 4221 744 4256 was
755 4204 856 4256 written
904 4204 1133 4256 Additamentorum.
1162 4205 1194 4256 In
1213 4206 1244 4255 B.
1261 4205 1290 4257 C.
1303 4208 1403 4257 ended.

356 4291 473 4356 previous
494 4297 522 4339 to
544 4289 587 4339 the
609 4285 749 4337 conection
768 4286 796 4335 in
812 4286 855 4336 the
903 4285 985 4348 Wats,
997 4300 1021 4349 p.
1036 4284 1146 4344 trahe
1158 4300 1225 4335 same
1240 4286 1366 4336 reference
1382 4287 1405 4336 ir

355 4378 418 4420 text.
452 4368 507 4418 The
522 4366 651 4432 authority
662 4364 771 4415 referred
787 4370 814 4415 to
831 4365 854 4415 ie
902 4365 990 4425 made;
1008 4366 1057 4415 and
1076 4373 1103 4415 at
1120 4381 1144 4429 p.
1159 4370 1207 4414 164
1223 4365 1363 4416 theLetter
1382 4366 1404 4415 is

357 4449 460 4509 Seneca,
471 4448 517 4496 but
526 4447 569 4498 the
580 4446 758 4510 quotation,ae
773 4446 854 4505 usual,
902 4444 1010 4509 printed,
1045 4444 1190 4508 describing
1224 4444 1267 4493 the
1295 4444 1403 4510 victora

356 4527 434 4577 isnot
444 4532 525 4574 exact.
558 4525 607 4573 His
615 4526 697 4574 words
707 4539 761 4574 are:
779 4525 853 4587 “Qui
902 4524 1017 4575 fromthe
1029 4528 1045 4552 ‘⁴
1056 4523 1132 4574 Liber
1140 4523 1405 4574 Additamentornnr.”

355 4603 503 4663 tardenois,
515 4603 559 4652 din
575 4603 681 4654 noluit.’'
715 4604 755 4653 De
773 4604 854 4655 Bene·
904 4602 975 4668 [MS.
988 4603 1054 4654 cota
1065 4603 1135 4653 Nero
1145 4603 1178 4653 D.
1190 4602 1307 4668 Laos]
1344 4604 1403 4653 Itis

356 4685 429 4746 ficiis,
440 4683 484 4734 lib.
501 4683 518 4734 i.
530 4696 585 4746 cap.
599 4687 620 4742 1,
631 4697 656 4746 p.
669 4688 724 4733 161.
759 4682 852 4734 calin
902 4682 956 4730 aleo
975 4683 1085 4733 inserted
1107 4683 1134 4732 in
1152 4683 1195 4733 the
1216 4683 1303 4733 Florae
1325 4683 1403 4741 Hirr..

355 4765 383 4816 ii.
394 4778 449 4826 cap.
464 4769 486 4812 1.
902 4759 993 4826 falsely
1001 4761 1082 4813 called
1101 4762 1217 4816 “Matth.
1226 4763 1353 4815 uestros

388 4842 399 4874 ⁴
415 4840 462 4908 ad]
481 4840 513 4903 al,
524 4837 582 4891 MS.
