3278 5610
360 809 591 861 normann
613 809 716 861 mars
738 809 895 870 aarum,
918 809 985 860 viz.
1008 808 1131 859 ruera.
1222 795 1265 859 99

213 987 437 1062 consueverat,
461 983 583 1049 festiva
604 984 802 1049 indumenta
824 984 860 1047 in
881 981 1057 1048 Nataliciis
1079 981 1346 1069 sollempni-al).
1360 1003 1433 1051 1251.

213 1085 342 1152 tatibus
363 1086 499 1151 minime
522 1086 707 1153 distribuit.
753 1086 800 1150 Et
822 1086 880 1170 qui
896 1084 1097 1150 videbantur
1118 1085 1155 1150 in
1176 1083 1396 1194 regie¹23¹fl¹r¹itlat

213 1188 326 1253 diariis
360 1188 536 1254 cotidianis
573 1189 664 1254 refici
695 1189 868 1275 superflue,
899 1192 969 1252 tam
1009 1187 1132 1252 milites
1165 1209 1265 1273 quam
1275 1151 1428 1261 mdpitlrppr,

212 1290 404 1368 servientes,
436 1289 539 1375 jussit
573 1289 616 1354 ad
647 1294 786 1375 tempus,
820 1295 859 1354 ut
898 1289 946 1354 sic
979 1288 1154 1354 thesaurus
1186 1277 1424 1394 suusflffihflffi

211 1391 390 1478 susciperet
420 1391 668 1468 incrementum,
699 1391 886 1456 subtractos
916 1390 1071 1455 amoveri.
1117 1391 1163 1456 Et
1185 1391 1265 1477 quis

212 1498 351 1559 noverat
383 1514 418 1559 se
450 1494 577 1559 iturum
611 1493 647 1557 in
685 1497 797 1578 partes
829 1492 1014 1570 orientales,
1049 1493 1107 1559 ubi
1144 1514 1262 1558 aurum

212 1595 301 1661 cedit
322 1597 359 1660 in
380 1600 556 1672 monetam,
579 1594 793 1660 mercimonia
815 1600 850 1660 et
871 1595 1009 1681 praemis
1030 1595 1261 1682 stipendiario·

212 1718 287 1762 rum
316 1697 353 1763 in
374 1698 586 1784 expeditione
613 1696 839 1775 militantium,
862 1717 978 1762 aureos
1004 1696 1105 1783 coepit
1134 1696 1427 1762 deside-Hecales

211 1821 284 1864 rare
306 1803 341 1865 et
374 1800 533 1886 colligere.
580 1799 681 1866 Unde
706 1803 878 1884 magnetes
911 1798 1005 1884 regis.
1035 1799 1145 1886 gratis
1175 1799 1261 1864 indi·
1273 1773 1429 1893 {flidnfgssffiffi

211 1907 334 1988 gentes,
352 1902 425 1988 jam
448 1907 518 1967 tam
547 1902 585 1967 in
607 1901 714 1967 aureis
737 1923 835 1987 quam
865 1901 1031 1987 argenteis
1062 1900 1129 1967 sibi
1161 1902 1262 1968 xenia

211 2003 355 2090 pretiosa
376 2004 482 2071 faeere
504 2004 714 2071 studuerunt.

413 2285 462 2353 De
484 2284 688 2373 quibasdam
702 2283 808 2372 sactis
829 2285 872 2352 iu
894 2284 1060 2373 imperio}

255 2434 413 2524 Tempore
435 2459 566 2524 quoque
588 2439 650 2503 sub
673 2439 786 2504 eodem
810 2444 877 2504 tres
896 2439 950 2503 rel
973 2438 1059 2506 iiiior.
1082 2439 1125 2504 ad
1147 2439 1259 2506 minus
1272 2450 1419 2518 Theprue

210 2536 252 2602 de
282 2539 430 2625 quolibet
461 2542 598 2606 civitate
623 2541 755 2620 Ytsliae,
786 2546 821 2606 et
854 2541 959 2627 aliqui
992 2543 1034 2606 de
1064 2541 1258 2609 civitatibus
1270 2522 1416 2652 ffifflthteuken

209 2640 339 2726 Apuliae
363 2642 552 2708 Frctberico
586 2644 850 2726 adversantibus,
875 2645 912 2708 in
944 2644 1126 2710 carceribus
1156 2644 1385 2718 sunt²emper0r

210 2742 345 2821 detenti,
370 2766 451 2829 quos
474 2767 586 2809 omnes
610 2746 790 2832 proditores
817 2768 892 2811 suos
914 2751 949 2811 et
982 2747 1118 2813 rebelles
1140 2770 1257 2815 vocare
1270 2728 1418 2840 {amm

208 2844 343 2910 solebat.
388 2845 611 2931 Mortuoque³
634 2848 828 2926 Fretherico,
851 2848 943 2913 missi
969 2853 1047 2915 sunt
1072 2871 1183 2916 omnes
1213 2850 1256 2915 sd

210 3123 270 3170 rimo
275 3122 355 3185 sesto,
366 3121 421 3170 licet
433 3139 511 3172 mures
522 3123 713 3189 predecessores
761 3122 963 3187 appretiabantur
973 3123 1034 3189 (sio)
1045 3125 1122 3174 uului
1132 3134 1155 3175 et
1166 3128 1259 3192 reputes

209 3203 251 3248 sui
284 3201 421 3250 indumenta
451 3202 545 3267 repulia
573 3209 597 3251 ct
617 3200 713 3266 jocalia
759 3201 942 3262 donotiaa,nisi
955 3207 1065 3269 pretiosa
1076 3212 1100 3253 et
1110 3214 1259 3271 sumptuoso,

208 3279 319 3343 pretiosa
341 3279 407 3328 soliti
426 3281 539 3344 fuissent
561 3279 714 3342 distribuere,
760 3288 842 3346 utpote
858 3280 994 3347 palefridos
1011 3281 1259 3349 desiderabiles,eup-

211 3360 264 3423 ipsc
281 3366 359 3408 tamen
376 3377 428 3421 rer,
439 3361 513 3424 forte
530 3359 560 3408 de
578 3376 625 3409 sua
641 3377 714 3425 pere·
762 3359 841 3427 [p]as
858 3377 950 3411 aureus
975 3361 1015 3412 vel
1032 3369 1162 3427 arpenteas
1183 3364 1259 3412 deam

211 3440 347 3502 priuatione
357 3438 483 3501 sollicitus,
495 3447 519 3489 et
530 3441 619 3489 iccirco
623 3441 714 3505 sactus
760 3440 945 3503 remanseritis
953 3458 1006 3491 eum
1014 3442 1259 3508 perimaspraeelectis‚

206 3534 308 3582 pareus,
343 3517 412 3567 nullo
450 3521 549 3583 penitus
582 3520 706 3570 distribuit
760 3529 782 3571 et
800 3523 867 3572 zonis
887 3521 1058 3587 imperialibus,
1077 3531 1101 3572 et
1117 3523 1258 3574 consimilia.

209 3595 284 3646 Immo
304 3613 358 3645 cum
378 3595 509 3647 abbatibus
529 3606 552 3647 et
571 3598 667 3649 clericos
690 3612 713 3654 ct
759 3599 797 3649 Et
810 3602 887 3666 sacta
905 3608 941 3650 est
958 3601 1130 3667 euriarepalis
1141 3603 1259 3653 Romame

209 3677 270 3724 viris
290 3674 421 3724 humilibus
437 3675 543 3741 bospitio
561 3679 673 3742 quasioit
689 3687 713 3728 et
758 3680 931 3740 commitatu
951 3687 1045 3744 quoeuu
1063 3698 1113 3746 pro
1133 3684 1258 3733 meretrice

206 3754 322 3819 madia,
338 3762 479 3805 moraturus
495 3764 519 3805 et
535 3773 636 3807 munera
652 3774 711 3822 pos·
757 3758 843 3809 sedens
855 3756 895 3808 vel
900 3766 1018 3823 prostans
1032 3763 1158 3821 υινωίιως
1168 3762 1258 3827 nearly

210 3829 341 3880 tutaturus.
374 3829 431 3880 Nee
452 3832 508 3896 jam
531 3834 608 3883 mortes
636 3832 710 3884 babe-
756 3838 821 3888 asin
832 3839 862 3889 B.
874 3839 924 3888 and
935 3841 974 3889 ed.
986 3839 1069 3903 Wats,
1080 3855 1104 3905 p.
1117 3843 1175 3892 807.

209 3908 289 3969 batur,
301 3911 344 3974 qui
354 3913 407 3973 repi
423 3919 447 3959 et
463 3912 586 3975 repolibus
603 3912 708 3977 hospitia
789 3917 796 3948 ¹
814 3915 877 3967 This
887 3917 909 3966 is
920 3916 963 3967 the
974 3918 1060 3968 rubrio
1077 3916 1200 3982 prefixed,
1211 3917 1256 3968 but

209 3995 233 4038 et
251 3989 359 4052 prandia
378 3990 534 4050 ministraret,
553 3990 609 4039 licet
626 4008 708 4057 sump·
754 3997 838 4046 atahe
854 3995 932 4047 lower
949 4011 1039 4046 corner
1056 3997 1086 4046 ot
1102 3996 1145 4047 the
1161 3997 1210 4061 stip
1227 3997 1259 4046 of

209 4076 288 4131 tussa,
310 4070 358 4118 uisi
380 4070 518 4119 muneribus
543 4071 662 4121 nobilibus
685 4081 708 4121 et
754 4075 855 4134 vellum,
883 4091 915 4125 on
944 4075 1029 4125 which
1057 4075 1100 4125 the
1127 4082 1179 4126 tuo
1204 4077 1255 4126 last

208 4149 301 4211 mappis
312 4165 392 4211 repom
404 4151 483 4212 ipsum
501 4157 525 4198 et
541 4149 634 4199 aulica
651 4168 708 4200 suos
754 4154 869 4217 chapters
880 4168 923 4204 are
934 4152 1042 4215 written,
1053 4154 1159 4204 another
1169 4155 1254 4206 rubris

207 4233 329 4290 respectos
340 4225 477 4276 honoraret.
511 4225 585 4277 Immo
596 4245 640 4278 sec
652 4246 709 4278 eru·
753 4231 776 4282 is
786 4234 875 4295 added,
887 4232 930 4281 De
941 4240 1008 4282 statu
1020 4233 1124 4297 imperii,
1135 4233 1219 4285 vhicb
1230 4235 1253 4285 is

207 4304 260 4354 buit
285 4306 340 4368 ipsa
368 4306 441 4367 quari
467 4305 548 4354 debita
572 4308 708 4370 postulare.
754 4310 917 4373 superfluous.

209 4382 273 4433 Cum
300 4380 408 4432 Roberto
435 4399 530 4448 quoque
563 4385 709 4450 Passeloroc,
786 4387 954 4438 ²carceribus
975 4391 1045 4456 sunt]
1076 4389 1133 4442 The
1159 4396 1253 4446 ueond

206 4478 276 4528 quem
297 4478 377 4527 nuper
397 4461 532 4527 obprobriis
560 4466 585 4514 in
613 4467 708 4531 capella
754 4469 884 4517 wordand
901 4470 949 4520 last
965 4475 1015 4519 two
1030 4469 1147 4535 syllables
1161 4472 1192 4524 ot
1207 4475 1251 4526 the

205 4559 253 4591 sua
263 4542 333 4607 apud
342 4539 580 4592 westmonasterium
592 4545 705 4610 turpibus
753 4546 809 4597 first
819 4562 862 4597 are
873 4563 907 4597 on
918 4563 951 4598 an
963 4562 1071 4600 erasme.

206 4620 336 4681 Ιαοιεείυἰτ,
365 4621 491 4687 prandens
518 4622 626 4673 domim
653 4642 706 4686 rex,
786 4625 873 4694 ⁸que]
892 4626 1112 4698 Addedintnarg.

206 4701 291 4765 ampli}
302 4709 338 4752 est
348 4709 474 4767 respectus
482 4702 625 4755 umoribus.
647 4702 705 4754 Nec

1050 4795 1118 4859 62
