3278 5610
411 837 457 889 or
479 840 636 891 rauroar
659 841 760 890 arms
782 839 935 903 nnuma,
959 840 1026 892 v1z.
1050 839 1171 890 rraru.
1267 826 1309 890 39

267 1019 384 1080 rentes.
429 1014 606 1082 Adventus
627 1020 741 1082 autem
759 1037 871 1094 eorum
901 1035 997 1081 eausa
1018 1013 1140 1080 multos
1161 1011 1478 1094 latebat3AD.1ees.

266 1123 492 1184 verumtamen
516 1141 559 1184 ex
590 1118 801 1205 sequentibus
835 1117 1007 1205 colligitur,
1030 1116 1119 1203 quod
1152 1138 1310 1182 memora-

263 1226 319 1285 tus
341 1243 401 1287 rex
424 1222 477 1286 vel
502 1222 654 1310 princeps
679 1227 917 1288 sacramentum
933 1220 1088 1308 baptismi
1112 1225 1146 1285 et
1168 1221 1310 1307 gretiam

263 1323 484 1389 conversionis
518 1329 553 1390 et
584 1322 847 1391 informationisl
878 1324 914 1389 in
943 1324 1014 1411 lege
1037 1323 1173 1389 Domini
1204 1323 1310 1389 nostri

263 1425 286 1490 J
289 1426 368 1491 hesu
403 1427 528 1494 Christi
558 1428 768 1515 postulabat;
797 1428 995 1513 quibusdam
1028 1426 1141 1491 temen
1174 1425 1310 1512 adjectis
1415 1467 1418 1472 ·

263 1529 513 1608 conditionibus,
535 1553 610 1618 quae
631 1531 675 1596 ad
696 1530 852 1596 notitiem
874 1535 1023 1596 nostram
1058 1528 1205 1594 nondum
1237 1550 1309 1615 per-

263 1639 433 1699 venerunt.
477 1635 639 1700 Dominus
661 1637 773 1699 autem
795 1655 881 1721 papa
912 1632 1154 1699 serenissimum
1176 1631 1310 1698 vultum

127 1805 130 1809 ,
263 1734 407 1802 eisdem²
427 1737 555 1802 nunciis
581 1736 735 1814 ostendit,
758 1740 792 1801 et
823 1757 960 1801 munera
993 1735 1135 1802 eontuht
1158 1734 1308 1823 pretiosa,

111 1840 241 1893 s⁰L¹4³t
263 1843 297 1904 et
317 1840 405 1926 ipsos
426 1840 582 1906 esoarleto
604 1845 639 1905 et
661 1838 804 1905 oisimis⁸
834 1840 987 1906 decenter
1008 1838 1155 1905 vestivit.
1211 1838 1307 1905 Dioe-
1320 1860 1411 1926 object
1420 1866 1451 1916 of

260 1941 359 2009 batur
380 1964 516 2031 quoque,
532 1943 621 2029 quod
644 1942 770 2007 domini
792 1965 886 2030 papae
908 1942 1114 2030 propositum
1136 1940 1211 2022 fuit,
1226 1941 1305 2008 inde
1317 1929 1472 2010 uepqpein

260 2068 387 2132 quoque
418 2051 597 2113 tractatum
631 2045 719 2111 suit⁴
750 2046 914 2125 seoretius,
938 2050 977 2112 ut
1006 2045 1035 2109 si
1058 2043 1304 2110 Christianismi
1316 2011 1461 2117 3ξὲᾜὲ-

259 2149 359 2214 titulo
380 2149 597 2236 insigniretur
618 2171 679 2215 rex
701 2148 757 2214 ille
780 2148 1001 2226 Tartarorum,
1025 2149 1135 2235 ipsum
1156 2147 1306 2215 mitteret
1317 2146 1472 2267 gssggbly·

259 2273 332 2316 eum
364 2252 517 2318 omnibus
537 2252 620 2318 viris
649 2256 685 2318 et
714 2251 841 2317 viribus
863 2253 931 2317 suis
957 2273 1055 2339 super
1083 2251 1304 2339 Vastagium⁶

259 2352 418 2434 (laecum,
441 2377 599 2443 generum
626 2354 816 2435 Fretherioi,
841 2350 1084 2421 scismaticum⁶
1107 2354 1305 2422 Chretianae

256 2455 355 2536 fidei!
377 2458 509 2524 domino
530 2481 625 2546 papae
647 2464 683 2525 et
704 2459 896 2546 imperatori
922 2457 1129 2524 Baldeuuino
1143 2457 1305 2539 rebellem,

256 2566 291 2624 et
320 2565 435 2647 postea
464 2583 560 2649 super
585 2563 695 2648 ipsum
725 2562 960 2642 Fretherieum,
984 2566 1098 2628 eontra
1120 2561 1304 2628 Romanam

178 2670 184 2681 ⁴
256 2665 379 2730 curiam
398 2665 666 2732 recalcitrantem.
710 2665 765 2731 Ad
780 2666 868 2752 quod
882 2665 995 2731 nuncii
1016 2669 1171 2731 mutuum
1190 2666 1304 2732 odium

257 2766 521 2870 Christianorum
547 2769 758 2846 detestantes,
782 2791 840 2856 per
862 2765 1068 2857 interpretes,
1090 2790 1172 2856 quos
1194 2771 1304 2858 plures

257 2868 424 2934 habebant
460 2870 680 2949 intermedios,
720 2872 965 2958 responderim,
1004 2871 1092 2959 quod
1128 2894 1196 2939 non
1232 2877 1305 2939 erat

255 2994 353 3037 suum
377 2973 544 3060 imponere
567 2973 699 3039 domino
721 2995 780 3039 suo
801 2973 925 3040 talem⁸
948 2975 1180 3044 conditionem.
1236 2975 1303 3042 Sed

255 3075 466 3141 vehementer
486 3074 718 3157 formidabant,
733 3098 775 3142 ne
797 3081 832 3142 et
853 3076 915 3143 boe
934 3078 1087 3144 dominus
1101 3100 1214 3146 eorum
1228 3100 1303 3166 gra·

254 3179 351 3255 viter,
373 3200 447 3243 oum
470 3178 609 3258 audiret,
632 3179 793 3267 acciperet
815 3179 1049 3268 ermaperatus.⁹

354 3417 405 3487 De
427 3417 593 3488 mortibus
614 3418 806 3487 multorum
827 3419 985 3488 virorum
1006 3418 1212 3489 notititiam

298 3561 373 3629 Hoc
395 3568 507 3631 autem
529 3587 617 3631 enno
639 3570 790 3631 mortuus
812 3571 862 3633 est
894 3564 932 3630 in
953 3564 1078 3654 Anglia
1095 3559 1302 3646 Robertus,¹¹
1345 3567 1445 3620 1³J211·

254 3667 423 3754 episeopus
461 3669 703 3750 Buthoniensis,
741 3669 827 3735 circe
863 3668 985 3735 festum
1016 3670 1124 3735 saneti
1158 3645 1450 3764 Hillariiffithlol

254 3771 415 3836 Rieardus
436 3793 516 3837 vero
538 3773 647 3839 Suard
668 3772 797 3839 letifera
809 3770 834 3810 ¹²
855 3772 989 3860 paralisi
1011 3777 1159 3861 tempore
1174 3773 1301 3839 vernali
1312 3731 1457 3915 mig*

288 4016 294 4048 ¹
314 4018 510 4084 injomalionis]
546 4017 751 4082 informatoris,
829 4019 840 4051 ⁸
858 4016 941 4086 talem]
961 4018 1003 4071 On
1015 4034 1048 4070 an
1058 4034 1166 4072 erasure.

254 4095 311 4147 MS·
331 4178 336 4187 .
830 4124 840 4156 ⁹
857 4125 934 4174 From
945 4125 989 4175 the
1000 4128 1084 4176 words
1092 4124 1231 4177 Dicebatur
1241 4143 1299 4192 quo·

286 4175 411 4243 widem]
431 4176 486 4228 The
498 4179 546 4229 last
556 4178 662 4245 syllable
673 4179 753 4229 added
797 4220 843 4268 qu,
862 4211 888 4254 to
907 4205 950 4254 the
970 4206 1020 4254 end
1039 4204 1072 4253 of
1088 4205 1132 4255 the
1152 4205 1255 4272 chapter
1276 4207 1300 4257 i,

254 4256 393 4348 iuml&
477 4337 483 4348 ¹
797 4284 903 4333 marked
913 4283 993 4333 inthe
1003 4282 1299 4348 margininredletters,

287 4335 417 4403 hmo]
438 4338 568 4389 cislminis.
579 4338 609 4388 E.
642 4336 752 4388 1n13.c.
797 4360 946 4411 “dubim

253 4415 396 4527 d‘f‘ffl
408 4418 486 4466 ”mis
496 4419 641 4508 ΨΜ·
833 4466 852 4498 ¹⁰
869 4468 900 4517 In
918 4467 961 4517 the
979 4468 1077 4534 margm
1093 4485 1136 4521 are
1146 4473 1231 4525 drawn
1248 4482 1297 4526 tvo

306 4497 377 4561 suo]
397 4497 529 4547 ausam
541 4512 621 4562 marg.

285 4576 476 4645 mmm]
511 4576 664 4644 Vmidum,
690 4575 754 4637 qu
798 4545 884 4597 mitres
895 4548 1071 4610 underosiers,
1082 4554 1206 4605 reversed

252 4658 401 4718 Bullatium,
413 4659 443 4711 0.
833 4651 850 4683 ¹¹
868 4651 1002 4720 Beterras]
1020 4655 1092 4707 Resd
1102 4656 1221 4726 Repetas,
1232 4676 1261 4713 as
1269 4661 1296 4711 in

285 4738 489 4806 noemam]
508 4739 673 4799 cimoliam
684 4738 742 4791 MS.
798 4733 1152 4802 arreuompmsegapss.
1257 4764 1260 4770 -

285 4820 465 4873 mertens
485 4821 562 4888 fides]
604 4820 698 4873 Added
724 4820 753 4872 in
812 4811 1164 4882 .¹²1easera]utifm,lls

252 4915 332 4968 nug.
