<?xml version="1.0" encoding="UTF-8"?>
<!DOCTYPE html PUBLIC "-//W3C//DTD XHTML 1.0 Transitional//EN"
    "http://www.w3.org/TR/xhtml1/DTD/xhtml1-transitional.dtd">
<html xmlns="http://www.w3.org/1999/xhtml" xml:lang="en" lang="en">
 <head>
  <title>
</title>
<meta http-equiv="Content-Type" content="text/html;charset=utf-8" />
  <meta name='ocr-system' content='tesseract 3.04.00' />
  <meta name='ocr-capabilities' content='ocr_page ocr_carea ocr_par ocr_line ocrx_word'/>
</head>
<body>
  <div class='ocr_page' id='page_1' title='image "./matthiparisiens03parigoog_0353.png"; bbox 0 0 3278 5610; ppageno 0'>
   <div class='ocr_carea' id='block_1_1' title="bbox 372 805 1405 869">
    <p class='ocr_par' dir='ltr' id='par_1_1' title="bbox 372 805 1405 869">
     <span class='ocr_line' id='line_1_1' title="bbox 372 805 1405 869; baseline -0.006 -2"><span class='ocrx_word' id='word_1_1' title='bbox 372 805 438 869; x_wconf 82' lang='lat'>292</span> <span class='ocrx_word' id='word_1_2' title='bbox 453 818 619 868; x_wconf 76' lang='lat' dir='ltr'>usurum</span> <span class='ocrx_word' id='word_1_3' title='bbox 642 816 852 866; x_wconf 77' lang='lat' dir='ltr'>rinisrnnsis</span> <span class='ocrx_word' id='word_1_4' title='bbox 874 815 1105 866; x_wconf 74' lang='lat' dir='ltr'>insanusne</span> <span class='ocrx_word' id='word_1_5' title='bbox 1127 812 1405 865; x_wconf 76' lang='lat' dir='ltr'>cunomconinc</span> 
     </span>
    </p>
   </div>
   <div class='ocr_carea' id='block_1_2' title="bbox 201 988 1561 4258">
    <p class='ocr_par' dir='ltr' id='par_1_2' title="bbox 205 988 1512 1313">
     <span class='ocr_line' id='line_1_2' title="bbox 205 988 1512 1065; baseline -0.006 -16"><span class='ocrx_word' id='word_1_6' title='bbox 205 990 619 1062; x_wconf 71' lang='lat' dir='ltr'>nn.1244.exprimendam.”</span> <span class='ocrx_word' id='word_1_7' title='bbox 656 989 780 1045; x_wconf 77' lang='lat' dir='ltr'>Interim</span> <span class='ocrx_word' id='word_1_8' title='bbox 798 989 880 1043; x_wconf 90' lang='lat' dir='ltr'>misit</span> <span class='ocrx_word' id='word_1_9' title='bbox 897 988 1055 1059; x_wconf 89' lang='lat' dir='ltr'>imperator</span> <span class='ocrx_word' id='word_1_10' title='bbox 1075 1031 1081 1043; x_wconf 92' lang='lat'><strong><em>.</em></strong></span> <span class='ocrx_word' id='word_1_11' title='bbox 1104 1031 1110 1044; x_wconf 91' lang='lat'>.</span> <span class='ocrx_word' id='word_1_12' title='bbox 1131 1029 1139 1043; x_wconf 90' lang='lat'><strong>.</strong></span> <span class='ocrx_word' id='word_1_13' title='bbox 1157 989 1193 1043; x_wconf 92' lang='lat' dir='ltr'>de</span> <span class='ocrx_word' id='word_1_14' title='bbox 1212 988 1301 1053; x_wconf 90' lang='lat' dir='ltr'>Ocre,</span> <span class='ocrx_word' id='word_1_15' title='bbox 1320 992 1432 1043; x_wconf 85' lang='lat' dir='ltr'>notum</span> <span class='ocrx_word' id='word_1_16' title='bbox 1508 1056 1512 1065; x_wconf 26' lang='grc' dir='ltr'>ἱ</span> 
     </span>
     <span class='ocr_line' id='line_1_3' title="bbox 372 1070 1432 1142; baseline -0.004 -12"><span class='ocrx_word' id='word_1_17' title='bbox 372 1077 512 1130; x_wconf 91' lang='lat' dir='ltr'>nuncium</span> <span class='ocrx_word' id='word_1_18' title='bbox 530 1093 616 1130; x_wconf 90' lang='lat' dir='ltr'>suum</span> <span class='ocrx_word' id='word_1_19' title='bbox 635 1080 665 1128; x_wconf 92' lang='lat' dir='ltr'>et</span> <span class='ocrx_word' id='word_1_20' title='bbox 690 1079 887 1128; x_wconf 89' lang='lat' dir='ltr'>consuetum.</span> <span class='ocrx_word' id='word_1_21' title='bbox 910 1114 917 1126; x_wconf 90' lang='lat'><strong><em>.</em></strong></span> <span class='ocrx_word' id='word_1_22' title='bbox 939 1115 945 1125; x_wconf 89' lang='lat'>.</span> <span class='ocrx_word' id='word_1_23' title='bbox 967 1092 1081 1128; x_wconf 85' lang='lat' dir='ltr'>summa</span> <span class='ocrx_word' id='word_1_24' title='bbox 1107 1073 1175 1128; x_wconf 87' lang='lat' dir='ltr'>talis</span> <span class='ocrx_word' id='word_1_25' title='bbox 1200 1080 1282 1128; x_wconf 86' lang='lat' dir='ltr'>erat:</span> <span class='ocrx_word' id='word_1_26' title='bbox 1314 1075 1334 1098; x_wconf 90' lang='lat'><strong>“</strong></span> <span class='ocrx_word' id='word_1_27' title='bbox 1350 1070 1432 1142; x_wconf 86' lang='lat' dir='ltr'>Sup-</span> 
     </span>
     <span class='ocr_line' id='line_1_4' title="bbox 371 1157 1432 1230; baseline -0.001 -18"><span class='ocrx_word' id='word_1_28' title='bbox 371 1160 515 1230; x_wconf 85' lang='lat' dir='ltr'>plicando,</span> <span class='ocrx_word' id='word_1_29' title='bbox 536 1158 714 1214; x_wconf 90' lang='lat' dir='ltr'>admonendo</span> <span class='ocrx_word' id='word_1_30' title='bbox 744 1157 931 1228; x_wconf 83' lang='lat' dir='ltr'><strong>prohibemus</strong></span> <span class='ocrx_word' id='word_1_31' title='bbox 954 1200 960 1211; x_wconf 88' lang='grc'><strong>.</strong></span> <span class='ocrx_word' id='word_1_32' title='bbox 988 1199 995 1211; x_wconf 92' lang='grc'><strong>.</strong></span> <span class='ocrx_word' id='word_1_33' title='bbox 1025 1157 1210 1229; x_wconf 85' lang='lat' dir='ltr'>.Anglicum</span> <span class='ocrx_word' id='word_1_34' title='bbox 1228 1158 1260 1212; x_wconf 92' lang='lat' dir='ltr'>in</span> <span class='ocrx_word' id='word_1_35' title='bbox 1279 1160 1432 1228; x_wconf 71' lang='lat' dir='ltr'><strong>potestate</strong></span> 
     </span>
     <span class='ocr_line' id='line_1_5' title="bbox 373 1241 1430 1313; baseline -0.004 -15"><span class='ocrx_word' id='word_1_36' title='bbox 373 1262 426 1298; x_wconf 90' lang='lat' dir='ltr'>sua</span> <span class='ocrx_word' id='word_1_37' title='bbox 445 1245 600 1305; x_wconf 90' lang='lat' dir='ltr'>inveniret,</span> <span class='ocrx_word' id='word_1_38' title='bbox 615 1244 677 1296; x_wconf 90' lang='lat' dir='ltr'>sive</span> <span class='ocrx_word' id='word_1_39' title='bbox 696 1242 850 1313; x_wconf 85' lang='lat' dir='ltr'>praelatum</span> <span class='ocrx_word' id='word_1_40' title='bbox 869 1242 931 1295; x_wconf 89' lang='lat' dir='ltr'>sive</span> <span class='ocrx_word' id='word_1_41' title='bbox 950 1242 1050 1305; x_wconf 87' lang='lat' dir='ltr'>alium,</span> <span class='ocrx_word' id='word_1_42' title='bbox 1066 1242 1149 1312; x_wconf 84' lang='lat' dir='ltr'>gravi</span> <span class='ocrx_word' id='word_1_43' title='bbox 1161 1244 1282 1312; x_wconf 87' lang='lat' dir='ltr'>puniret</span> <span class='ocrx_word' id='word_1_44' title='bbox 1300 1241 1430 1305; x_wconf 85' lang='lat' dir='ltr'>ultione,</span> 
     </span>
    </p>

    <p class='ocr_par' dir='ltr' id='par_1_3' title="bbox 206 1324 1431 1398">
     <span class='ocr_line' id='line_1_6' title="bbox 206 1324 1431 1398; baseline 0.001 -19"><span class='ocrx_word' id='word_1_45' title='bbox 206 1328 340 1379; x_wconf 80' lang='lat' dir='ltr'>Contribu-</span> <span class='ocrx_word' id='word_1_46' title='bbox 373 1328 501 1382; x_wconf 79' lang='lat' dir='ltr'><strong>Tandem</strong></span> <span class='ocrx_word' id='word_1_47' title='bbox 518 1328 561 1382; x_wconf 87' lang='lat' dir='ltr'>ita</span> <span class='ocrx_word' id='word_1_48' title='bbox 584 1332 771 1398; x_wconf 88' lang='lat' dir='ltr'>procuratum</span> <span class='ocrx_word' id='word_1_49' title='bbox 796 1332 841 1380; x_wconf 89' lang='lat' dir='ltr'>est</span> <span class='ocrx_word' id='word_1_50' title='bbox 867 1344 886 1379; x_wconf 87' lang='lat' dir='ltr'>a</span> <span class='ocrx_word' id='word_1_51' title='bbox 910 1327 1096 1396; x_wconf 83' lang='lat' dir='ltr'>magnatibus</span> <span class='ocrx_word' id='word_1_52' title='bbox 1124 1330 1154 1380; x_wconf 90' lang='lat' dir='ltr'>et</span> <span class='ocrx_word' id='word_1_53' title='bbox 1179 1325 1313 1397; x_wconf 84' lang='lat' dir='ltr'>praelatis</span> <span class='ocrx_word' id='word_1_54' title='bbox 1331 1324 1431 1380; x_wconf 81' lang='lat' dir='ltr'>vacil-</span> 
     </span>
    </p>

    <p class='ocr_par' dir='ltr' id='par_1_4' title="bbox 204 1395 1430 1510">
     <span class='ocr_line' id='line_1_7' title="bbox 204 1395 1430 1510; baseline -0.002 -44"><span class='ocrx_word' id='word_1_55' title='bbox 204 1395 360 1510; x_wconf 54' lang='grc' dir='ltr'><strong>ῗο111111111θ11</strong></span> <span class='ocrx_word' id='word_1_56' title='bbox 371 1412 501 1466; x_wconf 87' lang='lat' dir='ltr'>lantibus</span> <span class='ocrx_word' id='word_1_57' title='bbox 520 1418 550 1466; x_wconf 93' lang='lat' dir='ltr'>et</span> <span class='ocrx_word' id='word_1_58' title='bbox 567 1410 787 1473; x_wconf 75' lang='lat' dir='ltr'>dissidentibus,</span> <span class='ocrx_word' id='word_1_59' title='bbox 802 1409 879 1481; x_wconf 90' lang='lat' dir='ltr'>quod</span> <span class='ocrx_word' id='word_1_60' title='bbox 897 1415 958 1464; x_wconf 90' lang='lat' dir='ltr'>tam</span> <span class='ocrx_word' id='word_1_61' title='bbox 976 1428 1059 1481; x_wconf 81' lang='lat' dir='ltr'>papae</span> <span class='ocrx_word' id='word_1_62' title='bbox 1078 1427 1166 1480; x_wconf 87' lang='lat' dir='ltr'>quam</span> <span class='ocrx_word' id='word_1_63' title='bbox 1184 1409 1259 1480; x_wconf 83' lang='lat' dir='ltr'>regi,</span> <span class='ocrx_word' id='word_1_64' title='bbox 1281 1427 1342 1464; x_wconf 91' lang='lat' dir='ltr'>non</span> <span class='ocrx_word' id='word_1_65' title='bbox 1363 1409 1430 1464; x_wconf 89' lang='lat' dir='ltr'>sine</span> 
     </span>
    </p>

    <p class='ocr_par' dir='ltr' id='par_1_5' title="bbox 205 1462 1432 1591">
     <span class='ocr_line' id='line_1_8' title="bbox 205 1462 1432 1591; baseline -0.002 -41"><span class='ocrx_word' id='word_1_66' title='bbox 205 1462 330 1591; x_wconf 44' lang='grc' dir='ltr'>Ρζὲἒὴξῃᾱ</span> <span class='ocrx_word' id='word_1_67' title='bbox 373 1495 613 1566; x_wconf 73' lang='lat' dir='ltr'>praecordialibus</span> <span class='ocrx_word' id='word_1_68' title='bbox 632 1494 764 1548; x_wconf 89' lang='lat' dir='ltr'>omnium</span> <span class='ocrx_word' id='word_1_69' title='bbox 783 1494 928 1564; x_wconf 83' lang='lat' dir='ltr'>suspiriis,</span> <span class='ocrx_word' id='word_1_70' title='bbox 947 1499 993 1548; x_wconf 89' lang='lat' dir='ltr'>est</span> <span class='ocrx_word' id='word_1_71' title='bbox 1005 1495 1205 1559; x_wconf 61' lang='lat' dir='ltr'>satisfaeM;</span> <span class='ocrx_word' id='word_1_72' title='bbox 1234 1511 1289 1548; x_wconf 89' lang='lat' dir='ltr'>nec</span> <span class='ocrx_word' id='word_1_73' title='bbox 1308 1499 1432 1548; x_wconf 89' lang='lat' dir='ltr'>tantum</span> 
     </span>
    </p>

    <p class='ocr_par' dir='ltr' id='par_1_6' title="bbox 205 1577 1431 1734">
     <span class='ocr_line' id='line_1_9' title="bbox 205 1577 1431 1659; baseline -0.003 -24"><span class='ocrx_word' id='word_1_74' title='bbox 205 1594 274 1659; x_wconf 72' lang='lat' dir='ltr'>king,</span> <span class='ocrx_word' id='word_1_75' title='bbox 373 1587 454 1635; x_wconf 90' lang='lat' dir='ltr'>carte</span> <span class='ocrx_word' id='word_1_76' title='bbox 465 1597 532 1634; x_wconf 91' lang='lat' dir='ltr'>cum</span> <span class='ocrx_word' id='word_1_77' title='bbox 543 1578 730 1633; x_wconf 75' lang='lat' dir='ltr'>libertatibus</span> <span class='ocrx_word' id='word_1_78' title='bbox 744 1585 789 1633; x_wconf 93' lang='lat' dir='ltr'>est</span> <span class='ocrx_word' id='word_1_79' title='bbox 801 1584 956 1649; x_wconf 85' lang='lat' dir='ltr'>propterea</span> <span class='ocrx_word' id='word_1_80' title='bbox 966 1582 1145 1641; x_wconf 87' lang='lat' dir='ltr'>conservata,</span> <span class='ocrx_word' id='word_1_81' title='bbox 1159 1577 1284 1632; x_wconf 82' lang='lat' dir='ltr'>sedtum</span> <span class='ocrx_word' id='word_1_82' title='bbox 1296 1594 1431 1647; x_wconf 83' lang='lat' dir='ltr'>regnum</span> 
     </span>
     <span class='ocr_line' id='line_1_10' title="bbox 375 1662 1431 1734; baseline 0 -17"><span class='ocrx_word' id='word_1_83' title='bbox 375 1682 462 1734; x_wconf 84' lang='lat' dir='ltr'>quam</span> <span class='ocrx_word' id='word_1_84' title='bbox 481 1664 606 1719; x_wconf 86' lang='lat' dir='ltr'>ecclesia</span> <span class='ocrx_word' id='word_1_85' title='bbox 630 1662 790 1726; x_wconf 88' lang='lat' dir='ltr'>obsorduit,</span> <span class='ocrx_word' id='word_1_86' title='bbox 810 1662 922 1716; x_wconf 72' lang='lat' dir='ltr'>ultimae</span> <span class='ocrx_word' id='word_1_87' title='bbox 949 1662 1122 1717; x_wconf 90' lang='lat' dir='ltr'>conditionis</span> <span class='ocrx_word' id='word_1_88' title='bbox 1144 1662 1339 1718; x_wconf 79' lang='lat' dir='ltr'>servitutibus</span> <span class='ocrx_word' id='word_1_89' title='bbox 1360 1679 1431 1717; x_wconf 87' lang='lat' dir='ltr'>con·</span> 
     </span>
    </p>

    <p class='ocr_par' dir='ltr' id='par_1_7' title="bbox 206 1743 1429 1823">
     <span class='ocr_line' id='line_1_11' title="bbox 206 1743 1429 1823; baseline -0.001 -21"><span class='ocrx_word' id='word_1_90' title='bbox 206 1743 360 1823; x_wconf 62' lang='lat' dir='ltr'>Nemiuts</span> <span class='ocrx_word' id='word_1_91' title='bbox 374 1748 496 1803; x_wconf 86' lang='lat' dir='ltr'>culcate.</span> <span class='ocrx_word' id='word_1_92' title='bbox 534 1747 614 1802; x_wconf 88' lang='lat' dir='ltr'>Novi</span> <span class='ocrx_word' id='word_1_93' title='bbox 642 1747 735 1802; x_wconf 89' lang='lat' dir='ltr'>sancti</span> <span class='ocrx_word' id='word_1_94' title='bbox 762 1747 873 1801; x_wconf 86' lang='lat' dir='ltr'>clarent</span> <span class='ocrx_word' id='word_1_95' title='bbox 898 1746 930 1799; x_wconf 91' lang='lat' dir='ltr'>in</span> <span class='ocrx_word' id='word_1_96' title='bbox 947 1745 1065 1817; x_wconf 85' lang='lat' dir='ltr'>Anglia‚</span> <span class='ocrx_word' id='word_1_97' title='bbox 1085 1753 1192 1818; x_wconf 79' lang='lat' dir='ltr'>praeter</span> <span class='ocrx_word' id='word_1_98' title='bbox 1216 1747 1339 1801; x_wconf 86' lang='lat' dir='ltr'>beatum</span> <span class='ocrx_word' id='word_1_99' title='bbox 1367 1746 1429 1801; x_wconf 78' lang='lat' dir='ltr'>Ed·</span> 
     </span>
    </p>

    <p class='ocr_par' dir='ltr' id='par_1_8' title="bbox 205 1810 1431 1928">
     <span class='ocr_line' id='line_1_12' title="bbox 205 1810 1431 1928; baseline 0 -42"><span class='ocrx_word' id='word_1_100' title='bbox 205 1810 346 1928; x_wconf 52' lang='lat' dir='ltr'>{mffffidffl</span> <span class='ocrx_word' id='word_1_101' title='bbox 373 1832 515 1886; x_wconf 89' lang='lat' dir='ltr'>mundum</span> <span class='ocrx_word' id='word_1_102' title='bbox 532 1832 738 1894; x_wconf 89' lang='lat' dir='ltr'>confessorem,</span> <span class='ocrx_word' id='word_1_103' title='bbox 759 1848 855 1900; x_wconf 90' lang='lat' dir='ltr'>quem,</span> <span class='ocrx_word' id='word_1_104' title='bbox 875 1830 949 1901; x_wconf 91' lang='lat' dir='ltr'>proh</span> <span class='ocrx_word' id='word_1_105' title='bbox 973 1830 1073 1884; x_wconf 86' lang='lat' dir='ltr'>dolor!</span> <span class='ocrx_word' id='word_1_106' title='bbox 1110 1831 1220 1901; x_wconf 84' lang='lat' dir='ltr'>Anglia</span> <span class='ocrx_word' id='word_1_107' title='bbox 1236 1848 1296 1885; x_wconf 91' lang='lat' dir='ltr'>non</span> <span class='ocrx_word' id='word_1_108' title='bbox 1312 1831 1431 1886; x_wconf 85' lang='lat' dir='ltr'>meruit</span> 
     </span>
    </p>

    <p class='ocr_par' dir='ltr' id='par_1_9' title="bbox 230 1893 1430 2154">
     <span class='ocr_line' id='line_1_13' title="bbox 230 1893 1430 1986; baseline -0.001 -16"><span class='ocrx_word' id='word_1_109' title='bbox 230 1893 265 1940; x_wconf 65' lang='lat' dir='ltr'>ng</span> <span class='ocrx_word' id='word_1_110' title='bbox 326 1917 331 1928; x_wconf 86' lang='grc'><em>“</em></span> <span class='ocrx_word' id='word_1_111' title='bbox 373 1916 508 1970; x_wconf 91' lang='lat' dir='ltr'>retinere.</span> <span class='ocrx_word' id='word_1_112' title='bbox 549 1915 673 1970; x_wconf 88' lang='lat' dir='ltr'>Sanctus</span> <span class='ocrx_word' id='word_1_113' title='bbox 704 1914 850 1968; x_wconf 87' lang='lat' dir='ltr'>Robertus</span> <span class='ocrx_word' id='word_1_114' title='bbox 880 1914 916 1968; x_wconf 93' lang='lat' dir='ltr'>de</span> <span class='ocrx_word' id='word_1_115' title='bbox 941 1914 1119 1985; x_wconf 84' lang='lat' dir='ltr'>Knareburg</span> <span class='ocrx_word' id='word_1_116' title='bbox 1147 1956 1153 1969; x_wconf 92' lang='lat'><strong>.</strong></span> <span class='ocrx_word' id='word_1_117' title='bbox 1184 1956 1191 1968; x_wconf 87' lang='lat'><strong>.</strong></span> <span class='ocrx_word' id='word_1_118' title='bbox 1220 1956 1226 1968; x_wconf 90' lang='lat'><em>.</em></span> <span class='ocrx_word' id='word_1_119' title='bbox 1254 1914 1311 1969; x_wconf 86' lang='lat' dir='ltr'>ad¹</span> <span class='ocrx_word' id='word_1_120' title='bbox 1337 1915 1430 1986; x_wconf 88' lang='lat' dir='ltr'>cujus</span> 
     </span>
     <span class='ocr_line' id='line_1_14' title="bbox 373 1998 1430 2068; baseline 0 -14"><span class='ocrx_word' id='word_1_121' title='bbox 373 2000 505 2054; x_wconf 90' lang='lat' dir='ltr'>tumbam</span> <span class='ocrx_word' id='word_1_122' title='bbox 517 1999 633 2053; x_wconf 87' lang='lat' dir='ltr'>divorsa</span> <span class='ocrx_word' id='word_1_123' title='bbox 650 1998 793 2053; x_wconf 87' lang='lat' dir='ltr'>miracula</span> <span class='ocrx_word' id='word_1_124' title='bbox 804 1998 963 2068; x_wconf 78' lang='lat' dir='ltr'>probantur</span> <span class='ocrx_word' id='word_1_125' title='bbox 975 1999 1118 2053; x_wconf 83' lang='lat' dir='ltr'>celebrari</span> <span class='ocrx_word' id='word_1_126' title='bbox 1133 2040 1139 2053; x_wconf 92' lang='lat'><strong>.</strong></span> <span class='ocrx_word' id='word_1_127' title='bbox 1161 2041 1167 2051; x_wconf 90' lang='lat'>.</span> <span class='ocrx_word' id='word_1_128' title='bbox 1191 2040 1197 2053; x_wconf 91' lang='lat'>.</span> <span class='ocrx_word' id='word_1_129' title='bbox 1211 1999 1376 2065; x_wconf 85' lang='lat' dir='ltr'>Edmundi,</span> <span class='ocrx_word' id='word_1_130' title='bbox 1390 1999 1430 2054; x_wconf 84' lang='lat' dir='ltr'>ad</span> 
     </span>
     <span class='ocr_line' id='line_1_15' title="bbox 242 2082 1430 2154; baseline 0.001 -17"><span class='ocrx_word' id='word_1_131' title='bbox 242 2139 248 2150; x_wconf 70' lang='lat'>‚</span> <span class='ocrx_word' id='word_1_132' title='bbox 271 2139 277 2151; x_wconf 68' lang='grc'><strong>,</strong></span> <span class='ocrx_word' id='word_1_133' title='bbox 373 2085 457 2154; x_wconf 89' lang='lat' dir='ltr'>cujus</span> <span class='ocrx_word' id='word_1_134' title='bbox 476 2084 656 2154; x_wconf 87' lang='lat' dir='ltr'>sepulturam</span> <span class='ocrx_word' id='word_1_135' title='bbox 676 2083 841 2137; x_wconf 88' lang='lat' dir='ltr'>certissima</span> <span class='ocrx_word' id='word_1_136' title='bbox 858 2082 1002 2137; x_wconf 89' lang='lat' dir='ltr'>miracula</span> <span class='ocrx_word' id='word_1_137' title='bbox 1019 2083 1239 2137; x_wconf 86' lang='lat' dir='ltr'>choruscabant.</span> <span class='ocrx_word' id='word_1_138' title='bbox 1277 2084 1318 2138; x_wconf 84' lang='lat' dir='ltr'>Et</span> <span class='ocrx_word' id='word_1_139' title='bbox 1335 2084 1430 2139; x_wconf 90' lang='lat' dir='ltr'>multi</span> 
     </span>
    </p>

    <p class='ocr_par' dir='ltr' id='par_1_10' title="bbox 204 2139 1429 2254">
     <span class='ocr_line' id='line_1_16' title="bbox 204 2139 1429 2254; baseline 0.002 -33"><span class='ocrx_word' id='word_1_140' title='bbox 204 2139 360 2254; x_wconf 42' lang='lat' dir='ltr'>{1¹¹¹th</span> <span class='ocrx_word' id='word_1_141' title='bbox 374 2169 435 2231; x_wconf 88' lang='lat' dir='ltr'>alii,</span> <span class='ocrx_word' id='word_1_142' title='bbox 456 2168 526 2221; x_wconf 89' lang='lat' dir='ltr'>licet</span> <span class='ocrx_word' id='word_1_143' title='bbox 550 2184 607 2221; x_wconf 92' lang='lat' dir='ltr'>non</span> <span class='ocrx_word' id='word_1_144' title='bbox 632 2166 803 2228; x_wconf 86' lang='lat' dir='ltr'>canonizati,</span> <span class='ocrx_word' id='word_1_145' title='bbox 824 2165 887 2219; x_wconf 88' lang='lat' dir='ltr'>Deo</span> <span class='ocrx_word' id='word_1_146' title='bbox 911 2167 1124 2230; x_wconf 80' lang='lat' dir='ltr'>manifestante,</span> <span class='ocrx_word' id='word_1_147' title='bbox 1144 2166 1325 2222; x_wconf 88' lang='lat' dir='ltr'>claruerunt.</span> <span class='ocrx_word' id='word_1_148' title='bbox 1362 2167 1429 2223; x_wconf 81' lang='lat' dir='ltr'>Ma·</span> 
     </span>
    </p>

    <p class='ocr_par' dir='ltr' id='par_1_11' title="bbox 205 2221 1430 2336">
     <span class='ocr_line' id='line_1_17' title="bbox 205 2221 1430 2336; baseline 0.001 -31"><span class='ocrx_word' id='word_1_149' title='bbox 205 2221 296 2336; x_wconf 50' lang='lat' dir='ltr'>bipffip</span> <span class='ocrx_word' id='word_1_150' title='bbox 308 2273 337 2323; x_wconf 74' lang='lat' dir='ltr'>of</span> <span class='ocrx_word' id='word_1_151' title='bbox 373 2252 466 2322; x_wconf 89' lang='lat' dir='ltr'>gister</span> <span class='ocrx_word' id='word_1_152' title='bbox 478 2250 645 2305; x_wconf 84' lang='lat' dir='ltr'>Willelmus</span> <span class='ocrx_word' id='word_1_153' title='bbox 664 2251 701 2304; x_wconf 89' lang='lat' dir='ltr'>de</span> <span class='ocrx_word' id='word_1_154' title='bbox 719 2250 829 2319; x_wconf 83' lang='lat' dir='ltr'>Burgo,</span> <span class='ocrx_word' id='word_1_155' title='bbox 844 2249 954 2303; x_wconf 91' lang='lat' dir='ltr'>domini</span> <span class='ocrx_word' id='word_1_156' title='bbox 972 2250 1052 2320; x_wconf 80' lang='lat' dir='ltr'>regis</span> <span class='ocrx_word' id='word_1_157' title='bbox 1065 2251 1200 2315; x_wconf 87' lang='lat' dir='ltr'>clericus,</span> <span class='ocrx_word' id='word_1_158' title='bbox 1214 2251 1248 2305; x_wconf 86' lang='lat' dir='ltr'>fit</span> <span class='ocrx_word' id='word_1_159' title='bbox 1265 2250 1430 2323; x_wconf 86' lang='lat' dir='ltr'>episcopus</span> 
     </span>
    </p>

    <p class='ocr_par' dir='ltr' id='par_1_12' title="bbox 205 2333 1428 2406">
     <span class='ocr_line' id='line_1_18' title="bbox 205 2333 1428 2406; baseline 0.003 -18"><span class='ocrx_word' id='word_1_160' title='bbox 205 2337 328 2389; x_wconf 82' lang='lat' dir='ltr'>Llanduff.</span> <span class='ocrx_word' id='word_1_161' title='bbox 373 2335 587 2400; x_wconf 79' lang='lat' dir='ltr'>Landavensis3</span> <span class='ocrx_word' id='word_1_162' title='bbox 617 2333 669 2388; x_wconf 89' lang='lat' dir='ltr'>sed</span> <span class='ocrx_word' id='word_1_163' title='bbox 696 2334 754 2388; x_wconf 90' lang='lat' dir='ltr'>cito</span> <span class='ocrx_word' id='word_1_164' title='bbox 781 2338 882 2404; x_wconf 84' lang='lat' dir='ltr'>postea</span> <span class='ocrx_word' id='word_1_165' title='bbox 905 2333 1016 2387; x_wconf 86' lang='lat' dir='ltr'>lumine</span> <span class='ocrx_word' id='word_1_166' title='bbox 1040 2336 1190 2389; x_wconf 90' lang='lat' dir='ltr'>oculorum</span> <span class='ocrx_word' id='word_1_167' title='bbox 1207 2340 1253 2389; x_wconf 87' lang='lat' dir='ltr'>est</span> <span class='ocrx_word' id='word_1_168' title='bbox 1276 2336 1428 2406; x_wconf 81' lang='lat' dir='ltr'>privatus.</span> 
     </span>
    </p>

    <p class='ocr_par' dir='ltr' id='par_1_13' title="bbox 205 2416 1428 2490">
     <span class='ocr_line' id='line_1_19' title="bbox 205 2416 1428 2490; baseline -0.001 -14"><span class='ocrx_word' id='word_1_169' title='bbox 205 2417 298 2481; x_wconf 69' lang='lat' dir='ltr'>Roget,</span> <span class='ocrx_word' id='word_1_170' title='bbox 311 2420 352 2482; x_wconf 88' lang='lat' dir='ltr'>bp.</span> <span class='ocrx_word' id='word_1_171' title='bbox 374 2418 569 2473; x_wconf 83' lang='lat' dir='ltr'>Consecratur</span> <span class='ocrx_word' id='word_1_172' title='bbox 599 2418 631 2471; x_wconf 92' lang='lat' dir='ltr'>in</span> <span class='ocrx_word' id='word_1_173' title='bbox 656 2416 825 2487; x_wconf 91' lang='lat' dir='ltr'>episcopum</span> <span class='ocrx_word' id='word_1_174' title='bbox 850 2417 1078 2472; x_wconf 84' lang='lat' dir='ltr'>Bathoniensem</span> <span class='ocrx_word' id='word_1_175' title='bbox 1104 2419 1247 2489; x_wconf 83' lang='lat' dir='ltr'>magister</span> <span class='ocrx_word' id='word_1_176' title='bbox 1272 2419 1428 2490; x_wconf 79' lang='lat' dir='ltr'>Rogerus,</span> 
     </span>
    </p>

    <p class='ocr_par' dir='ltr' id='par_1_14' title="bbox 206 2483 1429 2576">
     <span class='ocr_line' id='line_1_20' title="bbox 206 2483 1429 2576; baseline 0.002 -19"><span class='ocrx_word' id='word_1_177' title='bbox 206 2483 318 2546; x_wconf 57' lang='lat' dir='ltr'>‘’mall‘’</span> <span class='ocrx_word' id='word_1_178' title='bbox 373 2508 535 2574; x_wconf 60' lang='lat' dir='ltr'>praecentor</span> <span class='ocrx_word' id='word_1_179' title='bbox 554 2501 788 2556; x_wconf 86' lang='lat' dir='ltr'>Saresbirieusis.</span> <span class='ocrx_word' id='word_1_180' title='bbox 827 2501 864 2555; x_wconf 92' lang='lat' dir='ltr'>In</span> <span class='ocrx_word' id='word_1_181' title='bbox 882 2502 994 2556; x_wconf 89' lang='lat' dir='ltr'>octavis</span> <span class='ocrx_word' id='word_1_182' title='bbox 1015 2503 1108 2557; x_wconf 88' lang='lat' dir='ltr'>sancti</span> <span class='ocrx_word' id='word_1_183' title='bbox 1125 2501 1247 2557; x_wconf 86' lang='lat' dir='ltr'>Martini</span> <span class='ocrx_word' id='word_1_184' title='bbox 1266 2505 1429 2576; x_wconf 85' lang='lat' dir='ltr'>episcopus</span> 
     </span>
    </p>

    <p class='ocr_par' dir='ltr' id='par_1_15' title="bbox 203 2564 1430 2667">
     <span class='ocr_line' id='line_1_21' title="bbox 203 2564 1430 2667; baseline 0.006 -28"><span class='ocrx_word' id='word_1_185' title='bbox 203 2564 296 2667; x_wconf 45' lang='lat' dir='ltr'>aa&amp;</span> <span class='ocrx_word' id='word_1_186' title='bbox 374 2586 586 2640; x_wconf 86' lang='lat' dir='ltr'>Lincolniensis</span> <span class='ocrx_word' id='word_1_187' title='bbox 606 2585 816 2648; x_wconf 78' lang='lat' dir='ltr'>transfretavit,</span> <span class='ocrx_word' id='word_1_188' title='bbox 837 2603 890 2655; x_wconf 89' lang='lat' dir='ltr'>pro</span> <span class='ocrx_word' id='word_1_189' title='bbox 909 2603 997 2640; x_wconf 83' lang='lat' dir='ltr'>ceusu</span> <span class='ocrx_word' id='word_1_190' title='bbox 1014 2585 1155 2640; x_wconf 87' lang='lat' dir='ltr'>ventilata</span> <span class='ocrx_word' id='word_1_191' title='bbox 1172 2587 1371 2658; x_wconf 88' lang='lat' dir='ltr'>interipsum</span> <span class='ocrx_word' id='word_1_192' title='bbox 1397 2599 1430 2647; x_wconf 89' lang='lat' dir='ltr'>et</span> 
     </span>
    </p>

    <p class='ocr_par' dir='ltr' id='par_1_16' title="bbox 205 2669 1426 2759">
     <span class='ocr_line' id='line_1_22' title="bbox 205 2669 1426 2759; baseline 0.004 -34"><span class='ocrx_word' id='word_1_193' title='bbox 205 2695 312 2759; x_wconf 81' lang='lat' dir='ltr'>Thebp.</span> <span class='ocrx_word' id='word_1_194' title='bbox 373 2670 525 2725; x_wconf 86' lang='lat' dir='ltr'>canonicos</span> <span class='ocrx_word' id='word_1_195' title='bbox 556 2687 642 2735; x_wconf 88' lang='lat' dir='ltr'>suos;</span> <span class='ocrx_word' id='word_1_196' title='bbox 682 2674 711 2723; x_wconf 91' lang='lat' dir='ltr'>et</span> <span class='ocrx_word' id='word_1_197' title='bbox 741 2669 867 2724; x_wconf 89' lang='lat' dir='ltr'>decanus</span> <span class='ocrx_word' id='word_1_198' title='bbox 896 2670 1110 2726; x_wconf 85' lang='lat' dir='ltr'>Lincolniensis</span> <span class='ocrx_word' id='word_1_199' title='bbox 1140 2689 1207 2725; x_wconf 88' lang='lat' dir='ltr'>oum</span> <span class='ocrx_word' id='word_1_200' title='bbox 1244 2673 1426 2742; x_wconf 87' lang='lat' dir='ltr'>quibusdam</span> 
     </span>
    </p>

    <p class='ocr_par' dir='ltr' id='par_1_17' title="bbox 203 2753 1425 2826">
     <span class='ocr_line' id='line_1_23' title="bbox 203 2753 1425 2826; baseline 0.003 -16"><span class='ocrx_word' id='word_1_201' title='bbox 203 2763 254 2811; x_wconf 86' lang='lat' dir='ltr'>and</span> <span class='ocrx_word' id='word_1_202' title='bbox 263 2762 362 2812; x_wconf 65' lang='lat' dir='ltr'>munos</span> <span class='ocrx_word' id='word_1_203' title='bbox 373 2755 527 2818; x_wconf 89' lang='lat' dir='ltr'>canonicis,</span> <span class='ocrx_word' id='word_1_204' title='bbox 542 2759 643 2808; x_wconf 85' lang='lat' dir='ltr'>eontra</span> <span class='ocrx_word' id='word_1_205' title='bbox 661 2754 768 2824; x_wconf 89' lang='lat' dir='ltr'>ipsum.</span> <span class='ocrx_word' id='word_1_206' title='bbox 805 2753 901 2808; x_wconf 84' lang='lat' dir='ltr'>Multa</span> <span class='ocrx_word' id='word_1_207' title='bbox 916 2755 1039 2825; x_wconf 87' lang='lat' dir='ltr'>pecunia</span> <span class='ocrx_word' id='word_1_208' title='bbox 1051 2761 1240 2826; x_wconf 87' lang='lat' dir='ltr'>extorquetur</span> <span class='ocrx_word' id='word_1_209' title='bbox 1258 2774 1277 2811; x_wconf 89' lang='lat' dir='ltr'>a</span> <span class='ocrx_word' id='word_1_210' title='bbox 1288 2759 1425 2814; x_wconf 90' lang='lat' dir='ltr'>miserri-</span> 
     </span>
    </p>

    <p class='ocr_par' dir='ltr' id='par_1_18' title="bbox 204 2828 1426 2909">
     <span class='ocr_line' id='line_1_24' title="bbox 204 2828 1426 2909; baseline 0.003 -16"><span class='ocrx_word' id='word_1_211' title='bbox 204 2828 311 2878; x_wconf 70' lang='lat' dir='ltr'><strong>Ll¹¹0⁰¹¹¹</strong></span> <span class='ocrx_word' id='word_1_212' title='bbox 325 2845 358 2894; x_wconf 70' lang='lat'>8⁰</span> <span class='ocrx_word' id='word_1_213' title='bbox 370 2837 445 2893; x_wconf 81' lang='lat' dir='ltr'>mis²</span> <span class='ocrx_word' id='word_1_214' title='bbox 465 2837 486 2891; x_wconf 86' lang='lat' dir='ltr'><strong>J</strong></span> <span class='ocrx_word' id='word_1_215' title='bbox 487 2838 586 2892; x_wconf 82' lang='lat' dir='ltr'>udaeis.</span> <span class='ocrx_word' id='word_1_216' title='bbox 625 2836 786 2891; x_wconf 89' lang='lat' dir='ltr'>Nicholaus</span> <span class='ocrx_word' id='word_1_217' title='bbox 800 2837 836 2891; x_wconf 91' lang='lat' dir='ltr'>de</span> <span class='ocrx_word' id='word_1_218' title='bbox 855 2837 943 2892; x_wconf 89' lang='lat' dir='ltr'>Molis</span> <span class='ocrx_word' id='word_1_219' title='bbox 962 2857 980 2892; x_wconf 87' lang='lat' dir='ltr'>a</span> <span class='ocrx_word' id='word_1_220' title='bbox 997 2856 1067 2909; x_wconf 87' lang='lat' dir='ltr'>rege</span> <span class='ocrx_word' id='word_1_221' title='bbox 1080 2839 1217 2894; x_wconf 85' lang='lat' dir='ltr'>Navariae</span> <span class='ocrx_word' id='word_1_222' title='bbox 1236 2846 1266 2895; x_wconf 90' lang='lat' dir='ltr'>et</span> <span class='ocrx_word' id='word_1_223' title='bbox 1277 2841 1346 2897; x_wconf 88' lang='lat' dir='ltr'>aliis</span> <span class='ocrx_word' id='word_1_224' title='bbox 1366 2843 1426 2898; x_wconf 87' lang='lat' dir='ltr'>cir·</span> 
     </span>
    </p>

    <p class='ocr_par' dir='ltr' id='par_1_19' title="bbox 204 2896 1423 3012">
     <span class='ocr_line' id='line_1_25' title="bbox 204 2896 1423 3012; baseline 0.005 -35"><span class='ocrx_word' id='word_1_225' title='bbox 204 2896 352 3012; x_wconf 54' lang='lat' dir='ltr'>afflffir</span> <span class='ocrx_word' id='word_1_226' title='bbox 371 2926 538 2993; x_wconf 86' lang='lat' dir='ltr'>eumseptus</span> <span class='ocrx_word' id='word_1_227' title='bbox 564 2921 697 2976; x_wconf 88' lang='lat' dir='ltr'>hostibus</span> <span class='ocrx_word' id='word_1_228' title='bbox 722 2922 752 2974; x_wconf 92' lang='lat' dir='ltr'>in</span> <span class='ocrx_word' id='word_1_229' title='bbox 771 2921 934 2986; x_wconf 90' lang='lat' dir='ltr'>Wasconia,</span> <span class='ocrx_word' id='word_1_230' title='bbox 956 2923 1006 2976; x_wconf 92' lang='lat' dir='ltr'>ubi</span> <span class='ocrx_word' id='word_1_231' title='bbox 1026 2924 1203 2978; x_wconf 82' lang='lat' dir='ltr'>senescallus</span> <span class='ocrx_word' id='word_1_232' title='bbox 1228 2943 1326 2996; x_wconf 88' lang='lat' dir='ltr'>nuper</span> <span class='ocrx_word' id='word_1_233' title='bbox 1352 2945 1423 2983; x_wconf 88' lang='lat' dir='ltr'>con-</span> 
     </span>
    </p>

    <p class='ocr_par' dir='ltr' id='par_1_20' title="bbox 202 2976 1423 3083">
     <span class='ocr_line' id='line_1_26' title="bbox 202 2976 1423 3083; baseline 0.004 -22"><span class='ocrx_word' id='word_1_234' title='bbox 202 2976 259 3079; x_wconf 50' lang='lat' dir='ltr'>{up</span> <span class='ocrx_word' id='word_1_235' title='bbox 371 3006 557 3071; x_wconf 90' lang='lat' dir='ltr'>stituebatur,</span> <span class='ocrx_word' id='word_1_236' title='bbox 577 3024 635 3060; x_wconf 90' lang='lat' dir='ltr'>non</span> <span class='ocrx_word' id='word_1_237' title='bbox 653 3011 767 3060; x_wconf 87' lang='lat' dir='ltr'>tantum</span> <span class='ocrx_word' id='word_1_238' title='bbox 793 3023 824 3060; x_wconf 93' lang='lat' dir='ltr'>se</span> <span class='ocrx_word' id='word_1_239' title='bbox 851 3006 990 3070; x_wconf 86' lang='lat' dir='ltr'>defendit,</span> <span class='ocrx_word' id='word_1_240' title='bbox 1011 3008 1063 3061; x_wconf 88' lang='lat' dir='ltr'>sod</span> <span class='ocrx_word' id='word_1_241' title='bbox 1090 3008 1217 3079; x_wconf 87' lang='lat' dir='ltr'>gloriose</span> <span class='ocrx_word' id='word_1_242' title='bbox 1244 3010 1423 3083; x_wconf 78' lang='lat' dir='ltr'>triumphet.</span> 
     </span>
    </p>

    <p class='ocr_par' dir='ltr' id='par_1_21' title="bbox 204 3089 1423 3165">
     <span class='ocr_line' id='line_1_27' title="bbox 204 3089 1423 3165; baseline 0.007 -21"><span class='ocrx_word' id='word_1_243' title='bbox 204 3095 336 3144; x_wconf 78' lang='lat' dir='ltr'>Defectus</span> <span class='ocrx_word' id='word_1_244' title='bbox 370 3090 433 3144; x_wconf 87' lang='lat' dir='ltr'>Rex</span> <span class='ocrx_word' id='word_1_245' title='bbox 445 3090 624 3145; x_wconf 82' lang='lat' dir='ltr'>Francorum</span> <span class='ocrx_word' id='word_1_246' title='bbox 636 3089 769 3144; x_wconf 84' lang='lat' dir='ltr'>Parisios</span> <span class='ocrx_word' id='word_1_247' title='bbox 782 3091 913 3160; x_wconf 86' lang='lat' dir='ltr'>graviter</span> <span class='ocrx_word' id='word_1_248' title='bbox 926 3091 1113 3158; x_wconf 81' lang='lat' dir='ltr'>infirmatur.³</span> <span class='ocrx_word' id='word_1_249' title='bbox 1142 3094 1181 3147; x_wconf 87' lang='lat' dir='ltr'>Et</span> <span class='ocrx_word' id='word_1_250' title='bbox 1193 3093 1263 3147; x_wconf 90' lang='lat' dir='ltr'>dum</span> <span class='ocrx_word' id='word_1_251' title='bbox 1271 3095 1423 3165; x_wconf 86' lang='lat' dir='ltr'>jacuisset</span> 
     </span>
    </p>

    <p class='ocr_par' dir='ltr' id='par_1_22' title="bbox 202 3160 1422 3277">
     <span class='ocr_line' id='line_1_28' title="bbox 202 3160 1422 3277; baseline 0.008 -51"><span class='ocrx_word' id='word_1_252' title='bbox 202 3160 247 3277; x_wconf 44' lang='grc' dir='ltr'>ἷξε</span> <span class='ocrx_word' id='word_1_253' title='bbox 257 3160 360 3238; x_wconf 69' lang='grc' dir='ltr'>111118,θῖ</span> <span class='ocrx_word' id='word_1_254' title='bbox 370 3174 482 3228; x_wconf 90' lang='lat' dir='ltr'>duobus</span> <span class='ocrx_word' id='word_1_255' title='bbox 501 3173 604 3227; x_wconf 88' lang='lat' dir='ltr'>diebus</span> <span class='ocrx_word' id='word_1_256' title='bbox 630 3174 757 3244; x_wconf 88' lang='lat' dir='ltr'>penitus,</span> <span class='ocrx_word' id='word_1_257' title='bbox 777 3179 811 3228; x_wconf 89' lang='lat' dir='ltr'>ut</span> <span class='ocrx_word' id='word_1_258' title='bbox 836 3174 953 3238; x_wconf 89' lang='lat' dir='ltr'>dicitur,</span> <span class='ocrx_word' id='word_1_259' title='bbox 974 3177 1164 3241; x_wconf 85' lang='lat' dir='ltr'>exanimatus,</span> <span class='ocrx_word' id='word_1_260' title='bbox 1187 3177 1306 3232; x_wconf 90' lang='lat' dir='ltr'>tandem</span> <span class='ocrx_word' id='word_1_261' title='bbox 1324 3183 1422 3252; x_wconf 90' lang='lat' dir='ltr'>respi-</span> 
     </span>
    </p>

    <p class='ocr_par' dir='ltr' id='par_1_23' title="bbox 203 3243 1561 3343">
     <span class='ocr_line' id='line_1_29' title="bbox 203 3243 1561 3343; baseline 0.006 -32"><span class='ocrx_word' id='word_1_262' title='bbox 203 3243 350 3343; x_wconf 54' lang='lat' dir='ltr'>Gfflffm</span> <span class='ocrx_word' id='word_1_263' title='bbox 369 3277 436 3313; x_wconf 87' lang='lat' dir='ltr'>rans</span> <span class='ocrx_word' id='word_1_264' title='bbox 453 3258 614 3328; x_wconf 89' lang='lat' dir='ltr'>postulavit</span> <span class='ocrx_word' id='word_1_265' title='bbox 632 3275 750 3312; x_wconf 86' lang='lat' dir='ltr'>crucem</span> <span class='ocrx_word' id='word_1_266' title='bbox 764 3257 821 3312; x_wconf 91' lang='lat' dir='ltr'>sibi</span> <span class='ocrx_word' id='word_1_267' title='bbox 834 3257 906 3311; x_wconf 87' lang='lat' dir='ltr'>dari.</span> <span class='ocrx_word' id='word_1_268' title='bbox 945 3259 1109 3330; x_wconf 86' lang='lat' dir='ltr'>Episcopus</span> <span class='ocrx_word' id='word_1_269' title='bbox 1122 3268 1219 3316; x_wconf 88' lang='lat' dir='ltr'>autem</span> <span class='ocrx_word' id='word_1_270' title='bbox 1238 3262 1422 3321; x_wconf 84' lang='lat' dir='ltr'>Parisiensis</span> <span class='ocrx_word' id='word_1_271' title='bbox 1456 3270 1561 3325; x_wconf 74' lang='lat' dir='ltr'>aina.</span> 
     </span>
    </p>

    <p class='ocr_par' dir='ltr' id='par_1_24' title="bbox 202 3311 1423 3425">
     <span class='ocr_line' id='line_1_30' title="bbox 202 3311 1423 3425; baseline 0.007 -29"><span class='ocrx_word' id='word_1_272' title='bbox 202 3311 333 3425; x_wconf 45' lang='lat' dir='ltr'>Thekiffp}</span> <span class='ocrx_word' id='word_1_273' title='bbox 369 3342 498 3411; x_wconf 82' lang='lat' dir='ltr'>signavit</span> <span class='ocrx_word' id='word_1_274' title='bbox 516 3360 592 3405; x_wconf 90' lang='lat' dir='ltr'>eum,</span> <span class='ocrx_word' id='word_1_275' title='bbox 607 3341 718 3404; x_wconf 87' lang='lat' dir='ltr'>dicens,</span> <span class='ocrx_word' id='word_1_276' title='bbox 744 3345 762 3366; x_wconf 87' lang='lat'>“</span> <span class='ocrx_word' id='word_1_277' title='bbox 777 3341 911 3405; x_wconf 86' lang='lat' dir='ltr'>Domine,</span> <span class='ocrx_word' id='word_1_278' title='bbox 926 3347 958 3395; x_wconf 86' lang='lat' dir='ltr'>ut</span> <span class='ocrx_word' id='word_1_279' title='bbox 975 3362 1011 3397; x_wconf 88' lang='lat' dir='ltr'>no</span> <span class='ocrx_word' id='word_1_280' title='bbox 1025 3352 1054 3398; x_wconf 89' lang='lat' dir='ltr'>te</span> <span class='ocrx_word' id='word_1_281' title='bbox 1067 3346 1245 3410; x_wconf 84' lang='lat' dir='ltr'>conturbem,</span> <span class='ocrx_word' id='word_1_282' title='bbox 1262 3349 1342 3417; x_wconf 88' lang='lat' dir='ltr'>quod</span> <span class='ocrx_word' id='word_1_283' title='bbox 1353 3368 1423 3420; x_wconf 90' lang='lat' dir='ltr'>pos-</span> 
     </span>
    </p>

    <p class='ocr_par' dir='ltr' id='par_1_25' title="bbox 202 3424 1423 3489">
     <span class='ocr_line' id='line_1_31' title="bbox 202 3424 1423 3489; baseline 0.013 -16"><span class='ocrx_word' id='word_1_284' title='bbox 202 3426 335 3478; x_wconf 82' lang='lat' dir='ltr'>osFrauce</span> <span class='ocrx_word' id='word_1_285' title='bbox 369 3427 456 3489; x_wconf 86' lang='lat' dir='ltr'>tulas,</span> <span class='ocrx_word' id='word_1_286' title='bbox 477 3427 523 3489; x_wconf 94' lang='lat' dir='ltr'>do,</span> <span class='ocrx_word' id='word_1_287' title='bbox 544 3425 766 3479; x_wconf 83' lang='lat' dir='ltr'>obsecundando</span> <span class='ocrx_word' id='word_1_288' title='bbox 791 3424 863 3489; x_wconf 86' lang='lat' dir='ltr'>Dec,</span> <span class='ocrx_word' id='word_1_289' title='bbox 885 3444 948 3479; x_wconf 87' lang='lat' dir='ltr'>cam</span> <span class='ocrx_word' id='word_1_290' title='bbox 974 3428 1038 3482; x_wconf 91' lang='lat' dir='ltr'>tibi.</span> <span class='ocrx_word' id='word_1_291' title='bbox 1078 3429 1152 3483; x_wconf 86' lang='lat' dir='ltr'>Cum</span> <span class='ocrx_word' id='word_1_292' title='bbox 1177 3433 1363 3489; x_wconf 86' lang='lat' dir='ltr'>convalueris</span> <span class='ocrx_word' id='word_1_293' title='bbox 1383 3435 1423 3489; x_wconf 86' lang='lat' dir='ltr'>ad</span> 
     </span>
    </p>

    <p class='ocr_par' dir='ltr' id='par_1_26' title="bbox 202 3508 1421 3610">
     <span class='ocr_line' id='line_1_32' title="bbox 202 3508 1421 3610; baseline 0.008 -47"><span class='ocrx_word' id='word_1_294' title='bbox 202 3508 314 3610; x_wconf 49' lang='lat' dir='ltr'>”fugel</span> <span class='ocrx_word' id='word_1_295' title='bbox 369 3510 498 3580; x_wconf 89' lang='lat' dir='ltr'>plenum,</span> <span class='ocrx_word' id='word_1_296' title='bbox 519 3527 586 3564; x_wconf 89' lang='lat' dir='ltr'>cum</span> <span class='ocrx_word' id='word_1_297' title='bbox 605 3508 815 3562; x_wconf 82' lang='lat' dir='ltr'>deliberatione</span> <span class='ocrx_word' id='word_1_298' title='bbox 840 3515 870 3563; x_wconf 92' lang='lat' dir='ltr'>et</span> <span class='ocrx_word' id='word_1_299' title='bbox 895 3510 1089 3566; x_wconf 85' lang='lat' dir='ltr'>discretorum</span> <span class='ocrx_word' id='word_1_300' title='bbox 1108 3515 1229 3569; x_wconf 91' lang='lat' dir='ltr'>oonsilio</span> <span class='ocrx_word' id='word_1_301' title='bbox 1249 3522 1333 3572; x_wconf 87' lang='lat' dir='ltr'>actus</span> <span class='ocrx_word' id='word_1_302' title='bbox 1352 3525 1421 3573; x_wconf 90' lang='lat' dir='ltr'>tuos</span> 
     </span>
    </p>

    <p class='ocr_par' dir='ltr' id='par_1_27' title="bbox 202 3567 1420 3675">
     <span class='ocr_line' id='line_1_33' title="bbox 202 3567 1420 3675; baseline 0.007 -27"><span class='ocrx_word' id='word_1_303' title='bbox 202 3567 345 3675; x_wconf 48' lang='lat' dir='ltr'>Lfienrffi’,</span> <span class='ocrx_word' id='word_1_304' title='bbox 369 3593 548 3648; x_wconf 84' lang='lat' dir='ltr'>ordiuabis.&#39;&#39;</span> <span class='ocrx_word' id='word_1_305' title='bbox 585 3593 648 3647; x_wconf 83' lang='lat' dir='ltr'>Rex</span> <span class='ocrx_word' id='word_1_306' title='bbox 667 3600 765 3647; x_wconf 89' lang='lat' dir='ltr'>autem</span> <span class='ocrx_word' id='word_1_307' title='bbox 791 3593 873 3647; x_wconf 89' lang='lat' dir='ltr'>nulla</span> <span class='ocrx_word' id='word_1_308' title='bbox 895 3595 990 3649; x_wconf 91' lang='lat' dir='ltr'>noluit</span> <span class='ocrx_word' id='word_1_309' title='bbox 1015 3596 1097 3650; x_wconf 91' lang='lat' dir='ltr'>illam</span> <span class='ocrx_word' id='word_1_310' title='bbox 1122 3598 1233 3652; x_wconf 87' lang='lat' dir='ltr'>ratione</span> <span class='ocrx_word' id='word_1_311' title='bbox 1261 3600 1420 3671; x_wconf 85' lang='lat' dir='ltr'>deponere,</span> 
     </span>
    </p>

    <p class='ocr_par' dir='ltr' id='par_1_28' title="bbox 201 3677 1420 3756">
     <span class='ocr_line' id='line_1_34' title="bbox 201 3677 1420 3756; baseline 0.007 -24"><span class='ocrx_word' id='word_1_312' title='bbox 201 3693 321 3756; x_wconf 63' lang='lat' dir='ltr'>gemugly</span> <span class='ocrx_word' id='word_1_313' title='bbox 369 3678 421 3732; x_wconf 88' lang='lat' dir='ltr'>sed</span> <span class='ocrx_word' id='word_1_314' title='bbox 439 3677 610 3731; x_wconf 84' lang='lat' dir='ltr'>deosculans</span> <span class='ocrx_word' id='word_1_315' title='bbox 623 3695 697 3740; x_wconf 88' lang='lat' dir='ltr'>eam,</span> <span class='ocrx_word' id='word_1_316' title='bbox 711 3677 851 3747; x_wconf 91' lang='lat' dir='ltr'>imposuit</span> <span class='ocrx_word' id='word_1_317' title='bbox 866 3678 981 3733; x_wconf 90' lang='lat' dir='ltr'>humeri</span> <span class='ocrx_word' id='word_1_318' title='bbox 995 3697 1056 3742; x_wconf 74' lang='lat' dir='ltr'>suo,</span> <span class='ocrx_word' id='word_1_319' title='bbox 1094 3681 1240 3737; x_wconf 85' lang='lat' dir='ltr'>Robertus</span> <span class='ocrx_word' id='word_1_320' title='bbox 1259 3682 1420 3749; x_wconf 80' lang='lat' dir='ltr'>Passelew,</span> 
     </span>
    </p>

    <p class='ocr_par' dir='ltr' id='par_1_29' title="bbox 202 3758 1422 3837">
     <span class='ocr_line' id='line_1_35' title="bbox 202 3758 1422 3837; baseline 0.008 -23"><span class='ocrx_word' id='word_1_321' title='bbox 202 3758 237 3807; x_wconf 85' lang='lat' dir='ltr'>ill·</span> <span class='ocrx_word' id='word_1_322' title='bbox 314 3826 319 3837; x_wconf 27' lang='lat'>⁸</span> <span class='ocrx_word' id='word_1_323' title='bbox 368 3760 543 3816; x_wconf 89' lang='lat' dir='ltr'>Wellensis⁴</span> <span class='ocrx_word' id='word_1_324' title='bbox 562 3760 794 3821; x_wconf 83' lang='lat' dir='ltr'>archidiaconus,</span> <span class='ocrx_word' id='word_1_325' title='bbox 815 3762 924 3816; x_wconf 89' lang='lat' dir='ltr'>domini</span> <span class='ocrx_word' id='word_1_326' title='bbox 942 3763 1022 3832; x_wconf 84' lang='lat' dir='ltr'>rogis</span> <span class='ocrx_word' id='word_1_327' title='bbox 1041 3764 1166 3821; x_wconf 86' lang='lat' dir='ltr'>clericus</span> <span class='ocrx_word' id='word_1_328' title='bbox 1185 3773 1214 3821; x_wconf 93' lang='lat' dir='ltr'>et</span> <span class='ocrx_word' id='word_1_329' title='bbox 1232 3769 1422 3825; x_wconf 87' lang='lat' dir='ltr'>consiliarius</span> 
     </span>
    </p>

    <p class='ocr_par' dir='ltr' id='par_1_30' title="bbox 203 3825 1422 3941">
     <span class='ocr_line' id='line_1_36' title="bbox 203 3825 1422 3941; baseline 0.007 -41"><span class='ocrx_word' id='word_1_330' title='bbox 203 3825 353 3941; x_wconf 46' lang='lat' dir='ltr'>oppffffffiff</span> <span class='ocrx_word' id='word_1_331' title='bbox 369 3845 514 3916; x_wconf 89' lang='lat' dir='ltr'>specialis,</span> <span class='ocrx_word' id='word_1_332' title='bbox 529 3844 609 3898; x_wconf 88' lang='lat' dir='ltr'>dedit</span> <span class='ocrx_word' id='word_1_333' title='bbox 627 3845 693 3915; x_wconf 83' lang='lat' dir='ltr'>regi</span> <span class='ocrx_word' id='word_1_334' title='bbox 712 3845 875 3910; x_wconf 87' lang='lat' dir='ltr'>consilium,</span> <span class='ocrx_word' id='word_1_335' title='bbox 889 3846 921 3899; x_wconf 90' lang='lat' dir='ltr'>in</span> <span class='ocrx_word' id='word_1_336' title='bbox 938 3847 1099 3902; x_wconf 88' lang='lat' dir='ltr'>multorum</span> <span class='ocrx_word' id='word_1_337' title='bbox 1117 3852 1333 3918; x_wconf 83' lang='lat' dir='ltr'>exterminium,</span> <span class='ocrx_word' id='word_1_338' title='bbox 1347 3872 1422 3925; x_wconf 91' lang='lat' dir='ltr'>pau·</span> 
     </span>
    </p>

    <p class='ocr_par' dir='ltr' id='par_1_31' title="bbox 202 3906 1421 4010">
     <span class='ocr_line' id='line_1_37' title="bbox 202 3906 1421 4010; baseline 0.009 -28"><span class='ocrx_word' id='word_1_339' title='bbox 202 3906 340 4010; x_wconf 48' lang='grc' dir='ltr'>ᾗωέξδὶῃζ,</span> <span class='ocrx_word' id='word_1_340' title='bbox 368 3935 512 4000; x_wconf 82' lang='lat' dir='ltr'>pertatem</span> <span class='ocrx_word' id='word_1_341' title='bbox 542 3935 571 3983; x_wconf 91' lang='lat' dir='ltr'>et</span> <span class='ocrx_word' id='word_1_342' title='bbox 601 3928 741 3992; x_wconf 91' lang='lat' dir='ltr'>dolorem,</span> <span class='ocrx_word' id='word_1_343' title='bbox 770 3935 812 3993; x_wconf 92' lang='lat' dir='ltr'>ut,</span> <span class='ocrx_word' id='word_1_344' title='bbox 843 3931 919 3984; x_wconf 85' lang='lat' dir='ltr'>fecta</span> <span class='ocrx_word' id='word_1_345' title='bbox 946 3931 1134 4000; x_wconf 85' lang='lat' dir='ltr'>inquisitione</span> <span class='ocrx_word' id='word_1_346' title='bbox 1162 3952 1214 4005; x_wconf 91' lang='lat' dir='ltr'>per</span> <span class='ocrx_word' id='word_1_347' title='bbox 1238 3935 1352 3992; x_wconf 83' lang='lat' dir='ltr'>vicinos</span> <span class='ocrx_word' id='word_1_348' title='bbox 1382 3939 1421 3993; x_wconf 87' lang='lat' dir='ltr'>dc</span> 
     </span>
    </p>

    <p class='ocr_par' dir='ltr' id='par_1_32' title="bbox 202 4013 1534 4258">
     <span class='ocr_line' id='line_1_38' title="bbox 202 4013 1420 4089; baseline 0.009 -23"><span class='ocrx_word' id='word_1_349' title='bbox 202 4025 298 4075; x_wconf 56' lang='lat' dir='ltr'>releva,</span> <span class='ocrx_word' id='word_1_350' title='bbox 368 4013 459 4083; x_wconf 82' lang='lat' dir='ltr'>rogiae</span> <span class='ocrx_word' id='word_1_351' title='bbox 486 4014 602 4066; x_wconf 85' lang='lat' dir='ltr'>forestae</span> <span class='ocrx_word' id='word_1_352' title='bbox 631 4013 827 4082; x_wconf 90' lang='lat' dir='ltr'>occupatione,</span> <span class='ocrx_word' id='word_1_353' title='bbox 848 4013 895 4068; x_wconf 73' lang='lat' dir='ltr'>et⁵</span> <span class='ocrx_word' id='word_1_354' title='bbox 920 4014 1015 4068; x_wconf 88' lang='lat' dir='ltr'>aliena</span> <span class='ocrx_word' id='word_1_355' title='bbox 1043 4017 1209 4089; x_wconf 85' lang='lat' dir='ltr'>quicunque</span> <span class='ocrx_word' id='word_1_356' title='bbox 1234 4019 1420 4087; x_wconf 86' lang='lat' dir='ltr'>invaserunt,</span> 
     </span>
     <span class='ocr_line' id='line_1_39' title="bbox 368 4096 1534 4174; baseline 0.01 -24"><span class='ocrx_word' id='word_1_357' title='bbox 368 4097 480 4167; x_wconf 81' lang='lat' dir='ltr'>gravi.</span> <span class='ocrx_word' id='word_1_358' title='bbox 503 4137 509 4150; x_wconf 90' lang='lat'>.</span> <span class='ocrx_word' id='word_1_359' title='bbox 532 4138 537 4149; x_wconf 95' lang='lat'>.</span> <span class='ocrx_word' id='word_1_360' title='bbox 559 4096 769 4159; x_wconf 82' lang='lat' dir='ltr'>invenirentur,</span> <span class='ocrx_word' id='word_1_361' title='bbox 799 4097 861 4151; x_wconf 84' lang='lat' dir='ltr'>sive</span> <span class='ocrx_word' id='word_1_362' title='bbox 884 4098 996 4168; x_wconf 88' lang='lat' dir='ltr'>justam</span> <span class='ocrx_word' id='word_1_363' title='bbox 1022 4100 1083 4153; x_wconf 78' lang='lat' dir='ltr'>sive</span> <span class='ocrx_word' id='word_1_364' title='bbox 1109 4101 1249 4171; x_wconf 87' lang='lat' dir='ltr'>injustam</span> <span class='ocrx_word' id='word_1_365' title='bbox 1276 4104 1423 4162; x_wconf 85' lang='lat' dir='ltr'>haberent</span> <span class='ocrx_word' id='word_1_366' title='bbox 1435 4123 1534 4174; x_wconf 48' lang='lat' dir='ltr'>maii.</span> 
     </span>
     <span class='ocr_line' id='line_1_40' title="bbox 368 4179 1494 4258; baseline 0.006 -24"><span class='ocrx_word' id='word_1_367' title='bbox 368 4180 594 4244; x_wconf 86' lang='lat' dir='ltr'>excusationem,</span> <span class='ocrx_word' id='word_1_368' title='bbox 614 4198 709 4250; x_wconf 91' lang='lat' dir='ltr'>usque</span> <span class='ocrx_word' id='word_1_369' title='bbox 728 4179 765 4234; x_wconf 88' lang='lat' dir='ltr'>ad</span> <span class='ocrx_word' id='word_1_370' title='bbox 783 4181 1008 4235; x_wconf 84' lang='lat' dir='ltr'>exinanitionem</span> <span class='ocrx_word' id='word_1_371' title='bbox 1027 4189 1056 4236; x_wconf 93' lang='lat' dir='ltr'>et</span> <span class='ocrx_word' id='word_1_372' title='bbox 1074 4185 1290 4241; x_wconf 82' lang='lat' dir='ltr'>mendicitatem</span> <span class='ocrx_word' id='word_1_373' title='bbox 1308 4191 1420 4258; x_wconf 87' lang='lat' dir='ltr'>puniti,</span> <span class='ocrx_word' id='word_1_374' title='bbox 1434 4194 1494 4241; x_wconf 77' lang='lat'>497.</span> 
     </span>
    </p>
   </div>
   <div class='ocr_carea' id='block_1_3' title="bbox 369 4263 1418 4335">
    <p class='ocr_par' dir='ltr' id='par_1_33' title="bbox 369 4263 1418 4335">
     <span class='ocr_line' id='line_1_41' title="bbox 369 4263 1418 4335; baseline 0.011 -18"><span class='ocrx_word' id='word_1_375' title='bbox 369 4266 434 4335; x_wconf 82' lang='lat' dir='ltr'>regi</span> <span class='ocrx_word' id='word_1_376' title='bbox 452 4265 633 4328; x_wconf 84' lang='lat' dir='ltr'>thesamum,</span> <span class='ocrx_word' id='word_1_377' title='bbox 648 4265 759 4318; x_wconf 87' lang='lat' dir='ltr'>utinam</span> <span class='ocrx_word' id='word_1_378' title='bbox 777 4263 1001 4335; x_wconf 58' lang='lat' dir='ltr'>profecturum</span> <span class='ocrx_word' id='word_1_379' title='bbox 1012 4269 1207 4325; x_wconf 88' lang='lat' dir='ltr'>cumulabant.</span> <span class='ocrx_word' id='word_1_380' title='bbox 1246 4270 1328 4327; x_wconf 90' lang='lat' dir='ltr'>Obiit</span> <span class='ocrx_word' id='word_1_381' title='bbox 1339 4273 1418 4330; x_wconf 82' lang='lat' dir='ltr'>Mer·</span> 
     </span>
    </p>
   </div>
   <div class='ocr_carea' id='block_1_4' title="bbox 983 4374 1402 4389">
    <p class='ocr_par' dir='ltr' id='par_1_34' title="bbox 983 4374 1402 4389">
     <span class='ocr_line' id='line_1_42' title="bbox 983 4374 1402 4389; baseline 0.014 -10"><span class='ocrx_word' id='word_1_382' title='bbox 983 4374 1109 4380; x_wconf 73' lang='grc'><strong>.-..--</strong></span> <span class='ocrx_word' id='word_1_383' title='bbox 1124 4377 1129 4381; x_wconf 97' lang='grc'>.</span> <span class='ocrx_word' id='word_1_384' title='bbox 1146 4378 1218 4383; x_wconf 81' lang='grc'>-..-..</span> <span class='ocrx_word' id='word_1_385' title='bbox 1232 4379 1402 4389; x_wconf 69' lang='lat'>——-</span> 
     </span>
    </p>
   </div>
   <div class='ocr_carea' id='block_1_5' title="bbox 368 4432 1420 4810">
    <p class='ocr_par' dir='ltr' id='par_1_35' title="bbox 368 4432 1420 4810">
     <span class='ocr_line' id='line_1_43' title="bbox 402 4432 1393 4501; baseline 0.016 -22"><span class='ocrx_word' id='word_1_386' title='bbox 402 4432 409 4462; x_wconf 91' lang='lat'>¹</span> <span class='ocrx_word' id='word_1_387' title='bbox 429 4432 476 4496; x_wconf 83' lang='lat' dir='ltr'>ad]</span> <span class='ocrx_word' id='word_1_388' title='bbox 497 4448 519 4490; x_wconf 85' lang='lat' dir='ltr'>a,</span> <span class='ocrx_word' id='word_1_389' title='bbox 530 4432 587 4482; x_wconf 85' lang='lat' dir='ltr'>MS.</span> <span class='ocrx_word' id='word_1_390' title='bbox 945 4435 954 4465; x_wconf 78' lang='lat'><strong><em>⁶</em></strong></span> <span class='ocrx_word' id='word_1_391' title='bbox 972 4435 1008 4499; x_wconf 75' lang='lat' dir='ltr'>et]</span> <span class='ocrx_word' id='word_1_392' title='bbox 1029 4437 1146 4499; x_wconf 83' lang='lat' dir='ltr'>Appears</span> <span class='ocrx_word' id='word_1_393' title='bbox 1158 4439 1312 4501; x_wconf 86' lang='lat' dir='ltr'>superfluous</span> <span class='ocrx_word' id='word_1_394' title='bbox 1324 4441 1393 4494; x_wconf 85' lang='lat' dir='ltr'>here.</span> 
     </span>
     <span class='ocr_line' id='line_1_44' title="bbox 402 4509 812 4575; baseline 0.01 -18"><span class='ocrx_word' id='word_1_395' title='bbox 402 4509 412 4540; x_wconf 73' lang='lat'><strong>2</strong></span> <span class='ocrx_word' id='word_1_396' title='bbox 429 4511 582 4575; x_wconf 63' lang='lat' dir='ltr'>mammis]</span> <span class='ocrx_word' id='word_1_397' title='bbox 603 4511 745 4571; x_wconf 86' lang='lat' dir='ltr'>miserimis,</span> <span class='ocrx_word' id='word_1_398' title='bbox 756 4512 812 4562; x_wconf 87' lang='lat' dir='ltr'>MS.</span> 
     </span>
     <span class='ocr_line' id='line_1_45' title="bbox 401 4589 1420 4665; baseline 0.019 -31"><span class='ocrx_word' id='word_1_399' title='bbox 401 4589 578 4653; x_wconf 68' lang='lat' dir='ltr'>³iafirmutur]</span> <span class='ocrx_word' id='word_1_400' title='bbox 599 4589 821 4649; x_wconf 84' lang='lat' dir='ltr'>imfirmatur,MS.</span> <span class='ocrx_word' id='word_1_401' title='bbox 893 4602 896 4628; x_wconf 83' lang='lat'>¹</span> <span class='ocrx_word' id='word_1_402' title='bbox 944 4593 954 4624; x_wconf 74' lang='lat'>⁶</span> <span class='ocrx_word' id='word_1_403' title='bbox 970 4597 1149 4662; x_wconf 71' lang='lat' dir='ltr'>prosectarum]</span> <span class='ocrx_word' id='word_1_404' title='bbox 1210 4598 1420 4665; x_wconf 78' lang='lat' dir='ltr'>prosecuturum,</span> 
     </span>
     <span class='ocr_line' id='line_1_46' title="bbox 401 4664 967 4783; baseline 0.014 -69"><span class='ocrx_word' id='word_1_405' title='bbox 401 4669 411 4697; x_wconf 83' lang='lat'>⁴</span> <span class='ocrx_word' id='word_1_406' title='bbox 429 4666 567 4732; x_wconf 77' lang='lat' dir='ltr'>Wellensis]</span> <span class='ocrx_word' id='word_1_407' title='bbox 586 4671 630 4717; x_wconf 82' lang='lat' dir='ltr'>An</span> <span class='ocrx_word' id='word_1_408' title='bbox 642 4687 711 4719; x_wconf 78' lang='lat' dir='ltr'>error</span> <span class='ocrx_word' id='word_1_409' title='bbox 722 4671 761 4719; x_wconf 78' lang='lat' dir='ltr'>for</span> <span class='ocrx_word' id='word_1_410' title='bbox 772 4670 871 4720; x_wconf 58' lang='lat' dir='ltr'>Leucae</span> <span class='ocrx_word' id='word_1_411' title='bbox 892 4664 896 4783; x_wconf 64' lang='grc' dir='ltr'>Ι</span> <span class='ocrx_word' id='word_1_412' title='bbox 911 4674 967 4724; x_wconf 82' lang='lat' dir='ltr'>MS.</span> 
     </span>
     <span class='ocr_line' id='line_1_47' title="bbox 368 4745 895 4810; baseline 0.011 -15"><span class='ocrx_word' id='word_1_413' title='bbox 368 4748 410 4805; x_wconf 76' lang='lat' dir='ltr'>sis,</span> <span class='ocrx_word' id='word_1_414' title='bbox 421 4761 449 4797; x_wconf 80' lang='lat' dir='ltr'>as</span> <span class='ocrx_word' id='word_1_415' title='bbox 461 4746 487 4794; x_wconf 92' lang='lat' dir='ltr'>in</span> <span class='ocrx_word' id='word_1_416' title='bbox 499 4745 567 4796; x_wconf 73' lang='lat' dir='ltr'>Hui.</span> <span class='ocrx_word' id='word_1_417' title='bbox 578 4747 658 4810; x_wconf 74' lang='lat' dir='ltr'>Anyt,</span> <span class='ocrx_word' id='word_1_418' title='bbox 669 4749 695 4798; x_wconf 77' lang='lat' dir='ltr'>ii,</span> <span class='ocrx_word' id='word_1_419' title='bbox 707 4753 764 4799; x_wconf 75' lang='lat'>497.</span> <span class='ocrx_word' id='word_1_420' title='bbox 893 4788 895 4801; x_wconf 89' lang='lat'><em>.</em></span> 
     </span>
    </p>
   </div>
   <div class='ocr_carea' id='block_1_6' title="bbox 0 0 1644 5610">
    <p class='ocr_par' dir='ltr' id='par_1_36' title="bbox 0 0 1644 5610">
     <span class='ocr_line' id='line_1_48' title="bbox 0 0 1644 5610; baseline 0 1"><span class='ocrx_word' id='word_1_421' title='bbox 0 0 1644 5610; x_wconf 95' lang='lat' dir='ltr'> </span> 
     </span>
    </p>
   </div>
  </div>
 </body>
</html>
