3276 5618
417 799 465 847 nn
487 800 646 849 ramosa
668 800 770 850 ancre
792 800 938 851 emmor
951 778 1082 852 'raama
1211 791 1275 856 289

227 969 429 1039 Gicestrensis,
458 975 631 1048 Radulphus
657 976 694 1030 de
719 975 849 1041 Novilla,
869 976 1070 1031 cancellarius.
1108 976 1172 1031 Rex
1198 977 1358 1047 capithD.
1372 991 1444 1038 1244.

226 1055 257 1108 in
286 1074 375 1112 manu
405 1077 459 1114 sua
488 1066 592 1124 terras,
625 1079 697 1131 quas
728 1060 890 1115 Normanni
921 1061 1065 1115 habebant
1094 1061 1126 1114 in
1154 1060 1273 1131 Anglia.
1287 1064 1413 1115 Deathof

225 1137 343 1195 Mortuo
361 1142 497 1214 episcopo
517 1144 696 1199 Oioestrensi
714 1144 880 1215 Radulpho,
901 1145 1053 1200 constituit
1071 1145 1205 1199 dominus
1223 1162 1275 1198 rex
1287 1133 1382 1210 ²1¹th
1393 1133 1424 1182 ΟΥ

226 1223 301 1278 eibil
320 1227 525 1290 consiliarios,2
553 1228 703 1282 dominnm
728 1228 895 1292 Paulinum,
920 1229 1056 1292 militem,
1077 1234 1107 1282 et
1125 1228 1274 1282 dominum
1287 1199 1442 1329 ξίΐῗὲἑῗ

227 1307 390 1364 Johannem
426 1311 462 1365 de
499 1312 669 1376 Lexintona‚
701 1313 837 1375 militem,
869 1318 899 1366 et
928 1312 1079 1367 dominum
1110 1312 1443 1410 J⁰h³ffl1³mse1styae

225 1391 348 1459 Maneel‚
369 1395 521 1460 clericum,
535 1396 615 1451 viros
632 1396 774 1451 discretos
793 1402 823 1450 et
840 1397 973 1451 literatos
986 1402 1016 1450 et
1028 1396 1190 1466 indigenas,
1206 1414 1273 1451 suos
1285 1412 1411 1462 Nonum

224 1477 401 1549 principales
413 1480 603 1535 consiliarios.
623 1481 786 1551 Episcopus
798 1479 1007 1535 Wintoniensis
1019 1520 1185 1535 ........
1200 1499 1274 1551 prae-
1285 1478 1377 1529 oeiaed

225 1561 390 1618 solaretur.
424 1563 695 1630 assentarentur
708 1564 849 1635 principis
861 1564 1062 1619 uosswansae
1074 1565 1154 1619 filius
1166 1566 1273 1635 primo·
1286 1546 1349 1623 Nar
1362 1561 1441 1595 ⁰⁰⁰⁸·

225 1647 352 1716 genitus,
366 1648 433 1703 dolo
445 1649 544 1703 fratris
565 1650 611 1704 sui
630 1649 727 1703 David
745 1654 856 1719 captus,
872 1654 901 1702 et
918 1649 950 1702 in
968 1650 1045 1704 turri
1057 1648 1273 1704 Londoniarum
1286 1612 1430 1744 {ffpffiffi

224 1731 430 1795 incarceratus,
460 1733 531 1787 dum
556 1733 592 1787 de
619 1738 703 1788 nocte
731 1732 854 1787 evadere
880 1733 1025 1803 cupiebat,
1052 1733 1197 1789 demissus
1221 1751 1273 1804 per
1286 1745 1410 1795 Denthof

225 1814 324 1869 funem
343 1816 378 1870 dc
398 1818 501 1887 pannis
526 1819 642 1872 incaute
668 1817 788 1881 factum,
815 1816 921 1871 cecidit
945 1817 982 1871 ab
1007 1817 1078 1880 alto,
1105 1822 1142 1880 et,
1172 1818 1273 1873 fractis
1285 1812 1371 1876 1³¹1ssee

225 1899 397 1965 cervicibus,
417 1901 627 1956 miserabiliter
640 1901 793 1972 expiravit.
830 1899 915 1955 Anno
929 1901 982 1955 sub
996 1901 1098 1955 eodem
1110 1902 1273 1956 coniectum
1286 1878 1384 1993 fflffln:

227 2024 233 2037 .
255 2025 261 2036 .
284 2025 290 2037 .
323 1991 409 2055 prout
439 1985 528 2039 moris
554 1990 607 2050 est,
630 1986 661 2039 in
689 1985 813 2040 ecclesia
837 1986 1031 2040 conventuali.
1077 1985 1272 2051 Chorosmini‚
1286 1953 1441 2078 inavfflneffiy

224 2067 363 2123 videlicet
375 2086 446 2139 gens
468 2068 594 2123 infidelis
613 2075 643 2123 et
661 2069 845 2123 detestabilis
863 2068 899 2123 de
918 2070 1050 2140 partibus
1069 2070 1201 2134 orientis,
1221 2088 1274 2141 per
1286 2079 1329 2128 the
1340 2077 1408 2128 Cho-

224 2151 360 2207 Tartaros
380 2152 415 2206 de
434 2153 540 2207 linibus
552 2153 614 2212 suis
633 2152 764 2223 expulsa,
778 2153 926 2207 hostiliter
943 2160 1088 2208 venerunt
1105 2153 1135 2206 in
1153 2154 1274 2208 Terram
1286 2144 1419 2206 mmiflssfls

225 2236 361 2292 Sanctam
370 2237 397 2301 ;³
409 2237 461 2291 ubi
473 2254 613 2308 magnum
621 2237 827 2291 exterminium
840 2236 875 2290 de
885 2236 1060 2292 Christianis
1071 2245 1272 2293 exercuerunt.
1286 2212 1441 2277 mamb·

223 2319 385 2391 Episcopus
412 2321 574 2376 Beritensis
607 2320 799 2375 Walerannus
824 2321 925 2375 literas
965 2321 1000 2375 de
1030 2323 1085 2376 hoc
1116 2322 1274 2376 infortunio
1285 2278 1441 2396 grhnqgttihgzg

224 2403 351 2468 detulit,⁴
370 2405 500 2459 omnium
523 2410 695 2476 magnatum
719 2405 817 2459 Terrae
845 2404 960 2459 Sanctae
987 2405 1095 2476 sigillis
1113 2405 1273 2461 roboratas,

224 2487 353 2556 Quarum
373 2506 487 2543 summa
503 2489 566 2543 haeo
584 2495 645 2543 ost:
676 2488 901 2543 Succubuerunt
918 2489 950 2542 in
973 2488 1051 2543 bello
1069 2491 1275 2546 cruentissimo

224 2572 286 2627 de.
309 2614 315 2627 .
336 2614 344 2627 .
364 2573 620 2637 Theutonicorum,
640 2573 739 2626 xxxiii.
769 2572 940 2643 Templarii,
960 2573 1036 2628 xxvi.
1069 2573 1274 2645 Hospitalarii.

224 2656 269 2710 De
287 2657 484 2720 Teuthonicis,
504 2661 618 2711 tantum
641 2657 737 2711 tribus
762 2674 815 2726 per
840 2657 941 2726 fugam
966 2657 1085 2728 elapsis,
1107 2676 1176 2729 pars
1201 2657 1275 2712 elec-

223 2741 347 2806 tissima,
373 2742 508 2796 omnibus
531 2741 598 2795 aliis
627 2740 793 2811 captivatis,
813 2746 921 2811 praeter
946 2747 1130 2813 stragem..
1154 2784 1160 2796 .
1180 2742 1275 2796 infini-

223 2832 329 2881 torum.
375 2825 537 2897 Optimates
564 2843 634 2878 vero
664 2831 752 2878 terrae
779 2843 832 2895 pro
861 2824 965 2895 majori
991 2833 1074 2897 parte
1104 2826 1275 2896 interempti

223 2911 399 2966 ceciderunt.
438 2910 482 2964 De
513 2909 730 2979 archiepiscopo
752 2949 872 2962 .....
893 2927 952 2962 non
981 2911 1193 2981 apparuissent,
1225 2927 1274 2964 ne-

224 2996 317 3050 scitur
343 3013 400 3065 quo
424 2994 620 3049 devenissent.
657 2990 804 3063 Magister
828 3009 926 3046 vero.
950 2994 1134 3048 ..abducti
1173 2993 1275 3049 Salda-

223 3097 278 3134 nus
305 3078 468 3133 Babiloniae
493 3077 575 3131 misit
599 3077 672 3130 istos
700 3075 919 3140 Chorosminos,
946 3082 977 3130 et
1003 3076 1115 3131 eisdem
1142 3078 1273 3148 prestitit

223 3163 425 3233 patrocinium,
451 3162 482 3215 in
500 3159 705 3215 exterminium
731 3158 975 3224 Christianorum,
995 3159 1027 3214 in
1045 3160 1166 3214 Terram
1185 3161 1273 3215 Sauc-

222 3253 292 3301 tam.
330 3245 370 3300 Et
395 3246 504 3300 missus
532 3250 578 3299 est
607 3248 786 3297 memoratus
812 3243 966 3314 episcopus
993 3243 1025 3296 in
1050 3243 1208 3314 Europam,
1240 3249 1275 3297 ut

224 3349 312 3401 super
342 3330 400 3385 hiis
431 3346 531 3384 casum
559 3328 716 3398 lugubrem
745 3327 896 3389 nuncians,
927 3327 1069 3397 auxilium
1099 3327 1272 3397 postularet.

223 3413 441 3469 Disseminatur
466 3412 593 3467 dedecus
621 3416 651 3465 et
680 3410 802 3465 infamia
827 3411 908 3481 regis
934 3427 988 3480 per
1015 3411 1117 3481 fugam
1144 3411 1273 3482 episcopi
1286 3421 1342 3472 The
1353 3423 1418 3489 king

221 3498 432 3553 Wintoniensis
464 3497 540 3551 inter
570 3495 708 3558 Francos,
741 3495 793 3564 qui
817 3493 853 3547 de
880 3493 941 3547 levi
966 3493 1080 3565 Anglos
1111 3494 1271 3559 diffamant,
1285 3487 1433 3542 istest-med

222 3582 274 3652 qui
292 3581 489 3637 cachinnando
502 3580 538 3635 ad
556 3580 682 3634 invicem
696 3579 840 3641 dicebant,
857 3581 875 3604 “
889 3579 966 3633 Ecce
981 3620 987 3632 .
1004 3620 1010 3632 .
1027 3620 1033 3632 .
1050 3620 1057 3632 .
1077 3597 1155 3634 nunc
1174 3585 1271 3633 autem
1284 3555 1385 3673 ἕξεί

222 3668 314 3721 istum
340 3667 449 3721 bonum
467 3666 575 3728 virum,
597 3664 648 3735 qui
672 3663 760 3734 paulo
786 3673 853 3717 ante
875 3663 939 3733 ejus
966 3664 1062 3718 fuerat
1088 3663 1272 3719 consiliarius
1387 3661 1394 3675 '

223 3751 368 3822 specialis.
404 3750 481 3804 Ecce
499 3748 608 3803 militia
626 3746 700 3817 ejus,
721 3764 787 3801 ecoe
813 3747 970 3801 strenuitas
982 3747 989 3800 Ξ
1000 3747 1018 3770 ”
1056 3747 1180 3801 Domino
1197 3765 1273 3818 papa

222 3835 316 3906 igitur
342 3851 431 3905 super
456 3833 512 3887 hoc
540 3831 716 3887 sollicitante
745 3836 775 3884 ct
801 3831 955 3896 scribente,
976 3848 1036 3894 rex,
1055 3837 1089 3886 ut
1112 3832 1190 3885 fama
1207 3831 1272 3900 ejus

222 3924 449 3983 restauraretur,
481 3917 582 3970 mitior
612 3915 742 3979 effectus,
769 3915 939 3986 episcopum
968 3914 1134 3971 exulantem
1159 3915 1274 3970 studuit

220 4021 367 4058 revocare.
405 4000 598 4072 Temporibus
628 4005 725 4053 autem
757 3997 812 4052 sub
841 4038 990 4052 .....
1011 3998 1270 4070 apprehenderent.

220 4087 301 4159 Papa
319 4087 413 4158 igitur
430 4084 555 4138 nimium
573 4082 714 4137 attonitus
733 4081 764 4134 in
781 4081 854 4135 hora
856 4121 1145 4146 ,,,,,,,,,,,
1160 4099 1271 4137 assere.

131 4177 147 4190 ‘¹
220 4171 291 4227 bant
309 4189 340 4226 se
359 4187 423 4225 esse
445 4168 544 4222 affines
562 4167 610 4221 vel
628 4165 868 4235 consanguineos,
915 4165 1043 4220 Intravit
1061 4166 1155 4235 igitur
1174 4207 1181 4219 .
1202 4205 1211 4222 .
1232 4206 1239 4220 .
1261 4207 1268 4219 .

222 4297 229 4310 .
252 4298 258 4309 .
281 4296 287 4309 .
308 4296 315 4308 .
336 4255 408 4317 suis,
429 4252 499 4322 quia
516 4250 558 4304 ibi
575 4248 624 4304 vel
641 4266 699 4303 non
716 4247 819 4330 procul
839 4254 924 4303 uatus
943 4248 1009 4312 fuit,
1030 4254 1060 4303 et
1079 4248 1180 4303 eadem
1199 4249 1270 4303 civi·

256 4470 505 4535 ldominuarexsibr]
519 4469 719 4520 Onanerasure.
803 4467 961 4533 ³Sanctam]
994 4468 1061 4529 Scin,
1086 4469 1143 4519 MS.
1171 4470 1221 4519 aud
1248 4486 1270 4518 m

255 4554 265 4585 ²
282 4551 447 4617 consiliarios]
473 4548 633 4613 superfluous
652 4546 721 4608 here,
771 4546 916 4598 astervards
927 4548 1022 4606 erased,
1033 4548 1083 4597 and
1094 4564 1109 4597 a
1120 4548 1197 4597 blank
1207 4547 1259 4598 left,

221 4637 329 4686 because
339 4633 455 4698 repeated
473 4639 500 4682 at
517 4631 560 4680 the
571 4630 620 4680 end
636 4627 665 4677 of
678 4626 721 4677 the
804 4625 814 4657 ⁴
832 4626 965 4690 infortunio
972 4624 1071 4695 demit]
1084 4626 1192 4678 infamio
1203 4628 1272 4690 datu,

221 4723 345 4766 sentence.
771 4705 828 4757 MS·

309 4810 385 4860 voh.
408 4809 458 4857 III·
1116 4803 1139 4852 'l'
