3278 5610
423 843 469 891 ns
491 843 649 892 rsusoss
672 844 772 892 euers
795 840 943 891 arnmot
966 845 1088 892 rsern.
1209 832 1268 893 291

230 1022 424 1088 congregata3
448 1024 478 1072 et
495 1035 597 1089 regem
611 1019 675 1088 jam
692 1035 796 1073 versus
816 1018 947 1073 Scociam
972 1019 1035 1073 lore
1052 1019 1228 1088 dirigentem
1247 1024 1277 1070 et
1288 1026 1357 1074 AJ).
1372 1030 1443 1075 lau.
1521 1075 1525 1082 ,

229 1101 346 1164 vexilla,
367 1100 546 1172 pedetentim
568 1103 753 1172 sequebatur.
791 1103 849 1156 Per
873 1102 951 1156 idem
975 1109 1091 1172 tempus
1110 1119 1177 1171 pars
1195 1102 1275 1170 regis

232 1183 386 1239 Scotorum
404 1202 461 1239 non
479 1185 666 1241 mediocriter
685 1193 730 1241 est
751 1184 935 1250 infirmate;¹
966 1186 1042 1239 unde
1061 1186 1199 1255 poenituit
1214 1185 1276 1254 jem

230 1267 327 1338 ipsum
360 1275 461 1323 contre
490 1286 592 1340 regern
627 1270 794 1340 Anglorum
823 1269 1033 1324 recalcitrasse.
1081 1269 1275 1338 Engelramus
1289 1278 1370 1326 Deetb
1383 1278 1413 1326 of

231 1351 307 1405 enim
334 1352 370 1406 de
399 1351 506 1424 Ouscy,
535 1371 617 1408 socer
644 1355 720 1424 ejus,
741 1355 792 1423 qui
820 1353 915 1407 eidem
942 1353 1008 1423 regi
1035 1353 1155 1415 Soociae,
1176 1353 1278 1422 generi
1289 1343 1423 1406 Engelrmi

230 1453 292 1497 suo,
312 1436 440 1491 militare
457 1437 629 1506 presidium
652 1438 828 1506 promiserat
852 1455 905 1507 per
933 1454 1013 1491 mare
1041 1436 1225 1499 mittendum,
1246 1435 1275 1489 in
1289 1409 1426 1473 dmm·

231 1521 299 1582 fate,
329 1520 391 1573 Deo
420 1520 525 1583 ultore,
558 1521 765 1575 miserabiliter
790 1528 991 1583 concesserat;
1029 1520 1167 1589 antiquus
1199 1519 1276 1573 enim

231 1601 492 1657 clarevallensium
504 1610 535 1658 et
546 1605 675 1657 omnium
687 1605 894 1674 religiosorum
912 1611 1081 1675 persecutor
1099 1602 1272 1657 indefessus.

231 1685 394 1741 Revocatur
420 1688 574 1758 episcopus
594 1686 826 1751 Wintoniensis,²
843 1693 874 1742 st
900 1705 953 1743 sua
980 1688 1124 1758 dignitate
1150 1693 1180 1742 et
1204 1705 1275 1758 pace
1289 1699 1396 1762 'sheep
1409 1702 1437 1749 ος

231 1771 313 1840 regia
331 1771 513 1841 gratulatur;
533 1772 637 1826 talium
656 1772 765 1826 etenim
790 1771 935 1842 indiguit³
953 1772 1020 1842 plus
1048 1772 1133 1826 solito
1151 1771 1275 1825 familia·
1288 1765 1446 1816 winchester

230 1855 316 1908 ritate
335 1863 365 1909 et
382 1856 512 1911 consilio.
551 1855 694 1911 Convenit
705 1857 857 1926 utriusque
870 1857 964 1926 regni,
979 1855 1093 1910 scilicet
1110 1856 1275 1926 Anglorum
1289 1832 1406 1923 ΝΜ

231 1944 261 1993 et
280 1938 441 2002 Scotorum,
455 1941 594 1994 univerae
610 1939 758 2002 nobilitas,
773 1941 821 1994 cui
839 1940 1001 1993 intererant
1012 1957 1109 1993 comes
1128 1939 1275 1993 Flandriae
1288 1911 1444 2026 ffimsssffi

231 2024 356 2077 Thomas
368 2024 460 2078 etalii
479 2024 688 2094 consanguinei
707 2030 737 2077 et
748 2023 836 2078 amici
853 2024 964 2094 regines
983 2024 1015 2077 in
1032 2023 1165 2093 partibus
1184 2041 1275 2093 regno
1289 1994 1339 2092 ,med
1351 1993 1426 2093 §ff

233 2106 341 2162 Scociae
358 2109 554 2162 conterminis.
592 2108 631 2162 Et
658 2107 713 2162 sub
738 2108 832 2162 forme
856 2109 936 2178 pacis
963 2108 1040 2162 inter
1066 2124 1152 2176 reges
1174 2106 1276 2177 praelo-
1289 2109 1338 2158 tish
1348 2112 1443 2170 nobles,

232 2201 330 2246 cutum
360 2197 406 2247 est
433 2192 652 2247 matrimonium
687 2191 914 2247 contrahendum
946 2192 1022 2245 inter
1047 2191 1276 2262 primogenitum
1289 2177 1426 2240 ”militme

231 2277 309 2347 regis
329 2275 492 2340 Scotorum,
511 2277 604 2330 filium
622 2276 829 2340 Alexandrum,
851 2283 881 2330 et
899 2276 990 2331 filiam
1013 2277 1094 2345 regis
1111 2275 1276 2345 Anglorum
1289 2258 1313 2290 ¹¹¹
1347 2258 1368 2293 ο·

231 2359 445 2429 Margaretam3
467 2361 517 2415 sed
544 2362 613 2432 quia
637 2361 722 2431 pueri
741 2367 824 2414 erent
847 2367 877 2414 et
895 2360 1006 2423 tenelli,
1026 2377 1083 2413 non
1107 2359 1164 2412 fuit
1182 2358 1276 2412 adhuc

230 2442 413 2513 desponsatio
432 2446 622 2516 solempniter
639 2462 692 2515 per
709 2446 826 2516 nuptias
839 2445 994 2498 celebrate.
1033 2444 1072 2497 Et
1090 2444 1132 2497 sic
1150 2449 1275 2513 uterque

229 2543 334 2597 regum
353 2529 383 2581 in
394 2546 465 2598 pace
483 2530 634 2582 remeavit.
674 2528 877 2583 convenerant
892 2535 992 2582 autem
1011 2526 1178 2588 Londoniis,
1192 2527 1277 2594 regie
1289 2538 1395 2592 councfl

231 2611 455 2675 submonitione,
476 2619 639 2682 magnates.
678 2613 714 2665 Iu
740 2629 797 2682 quo
819 2613 942 2666 concilio
968 2612 1055 2682 petiit
1072 2628 1124 2664 rex
1142 2627 1191 2664 ore
1210 2628 1275 2680 pro·
1288 2606 1346 2656 held
1357 2613 1382 2656 at

62 2694 126 2746 Ibid.
138 2697 165 2747 ii.
229 2696 293 2765 prio
306 2695 337 2748 in
349 2696 512 2765 propatulo,
526 2697 641 2750 scilicet
658 2697 689 2750 in
708 2736 808 2749 .....
828 2697 994 2766 pecuniare.
1033 2694 1089 2750 Cui
1101 2711 1275 2764 responsum
1289 2673 1401 2726 Imm·

62 2767 119 2812 ⁴⁹¹·
230 2780 296 2840 suit,
317 2779 395 2846 quod
422 2779 491 2848 quie
517 2788 598 2832 certa
624 2778 804 2843 libertatum,
832 2797 919 2848 quem
943 2787 1115 2850 paterenus
1140 2796 1191 2832 rex
1211 2775 1275 2846 J[o-

229 2861 353 2932 hannes]
372 2869 563 2925 concesserat,
584 2868 615 2916 et
631 2861 816 2932 postmodnm
835 2880 887 2916 rex
911 2860 1086 2931 H[enricus]
1105 2861 1176 2923 ΙΙΙ.,
1197 2861 1275 2914 filius

230 2947 304 3016 ejus,
325 2963 392 3000 cum
406 2947 574 3016 juramento
592 2946 761 3000 multotiens
780 2955 972 3007 concesserat,
991 2963 1045 2999 nec
1064 2960 1162 2998 tamen
1180 2945 1274 2997 adbuc

81 3025 124 3076 s0l·
134 3030 200 3080 7⁴⁰·
230 3035 445 3097 observaverat,
467 3034 580 3088 “istud
597 3035 748 3104 negotium
761 3051 913 3088 censemus
932 3033 1038 3086 debere
1056 3033 1161 3086 merito
1171 3050 1274 3103 capere
1289 3037 1431 3110 lffecuniary

229 3118 429 3173 dilationem.'’
467 3118 659 3172 Postulebant
683 3119 804 3189 insuper
828 3116 1038 3171 instantissime
1064 3117 1119 3170 sibi
1138 3117 1275 3170 constitui
1288 3103 1328 3177 ²¹5¹
1340 3111 1366 3151 ‘⁰
1378 3102 1419 3152 ¹¹¹⁰

226 3203 425 3272 justiciarium
444 3209 474 3256 et
492 3202 708 3264 cancellarium,
722 3218 775 3271 per
788 3219 860 3271 quos
874 3206 968 3255 status
986 3201 1071 3269 regni
1090 3198 1273 3263 solidaretur,
1288 3167 1428 3282 hffedpml'

229 3294 264 3340 ut
281 3287 441 3348 consuevit,
462 3286 560 3356 etqui
584 3286 687 3340 darent
705 3286 771 3355 regi
789 3285 874 3338 fidele
901 3284 1056 3338 consilium
1080 3293 1110 3337 et
1128 3282 1200 3336 utile
1218 3284 1274 3336 rei·
1288 3249 1319 3296 ΡΟ
1370 3271 1375 3283 ’

230 3370 364 3441 publicis.
403 3370 467 3424 Hoc
487 3370 581 3440 igitur
604 3370 811 3424 consiliumet
834 3369 985 3438 negotium
1004 3368 1082 3439 cepit
1108 3367 1275 3420 dilationem

229 3457 372 3524 usquein
390 3461 451 3510 tres
479 3456 656 3526 septimanas
682 3472 700 3508 a
724 3454 929 3508 Purificatione
957 3453 1048 3507 beatae
1076 3452 1194 3516 Meriae3
1224 3452 1276 3505 sed
1323 3451 1410 3501 areb.

230 3557 300 3609 rege
318 3539 511 3593 familiaribus
530 3539 723 3610 respondente
742 3538 870 3601 interim,
885 3537 963 3607 quod
981 3537 1096 3591 servilis
1116 3543 1194 3590 esset
1212 3537 1275 3606 ejus

229 3624 365 3687 conditio,
380 3631 410 3677 et
426 3623 554 3677 deterior
572 3623 696 3693 alicujus
716 3622 851 3676 beronis⁴
864 3622 910 3674 vel
929 3620 1042 3685 militis,
1062 3622 1086 3674 si
1104 3638 1162 3675 non
1173 3621 1277 3673 liceret

230 3708 336 3777 dequo
348 3706 448 3770 vellet,
468 3725 545 3761 nunc
558 3707 593 3761 de
613 3724 670 3760 uno
688 3724 765 3760 nunc
783 3705 820 3761 de
839 3706 905 3768 alio,
926 3705 971 3758 illi
990 3706 1085 3759 fucere
1098 3704 1145 3758 vel
1164 3704 1275 3758 cancel·

231 3791 336 3843 larium
366 3791 415 3843 vel
441 3791 649 3859 justiciarium,
678 3797 816 3861 tanquam
848 3788 1050 3843 senescallum.
1096 3787 1180 3855 Quod
1209 3805 1276 3842 cum

230 3873 453 3944 cognovissent⁶
478 3882 640 3945 magnetes,
668 3893 726 3928 non
751 3882 891 3929 curarunt
908 3874 1017 3936 venire,
1039 3882 1072 3927 ut
1094 3873 1169 3926 nihil
1196 3872 1276 3925 aliud

229 3966 413 4028 reportarent
440 3977 528 4030 quam
553 3959 701 4028 ambages.
739 3958 868 4012 Tandem
895 3976 945 4011 rex
972 3976 1091 4028 sperans
1112 4000 1118 4011 .
1140 3998 1145 4010 .
1169 3998 1174 4009 .
1197 3956 1276 4009 .bac

230 4043 338 4096 lorme:
362 4047 380 4069 ‘⁴
395 4043 614 4108 Innocentius,”
634 4048 688 4097 etc.
728 4042 850 4097 Summe
867 4043 939 4097 fuit:
963 4043 1035 4095 “De
1053 4042 1160 4095 vestris
1181 4083 1187 4093 .
1210 4081 1217 4093 .
1239 4083 1245 4092 .
1269 4083 1274 4092 .

230 4126 415 4180 conferatis.''
451 4126 613 4195 Responsio
639 4133 746 4189 entem,
774 4127 844 4196 quia
873 4144 972 4180 omnes
998 4132 1067 4179 tunc
1095 4125 1137 4178 ibi
1163 4124 1277 4192 prelati

231 4227 288 4263 non
317 4211 443 4273 fuerant,
475 4211 554 4279 cepit
583 4209 762 4263 diletionem.
800 4209 946 4280 Magister
972 4210 1117 4263 Martinus
1147 4209 1275 4271 interim,

230 4311 313 4364 papae
338 4293 472 4355 clericus,
501 4292 537 4345 de
562 4293 668 4346 nuncio
695 4293 751 4346 sibi
778 4293 908 4363 injuncto
939 4294 1092 4355 sollicitus,
1112 4293 1277 4347 convocatis

232 4421 238 4432 .
261 4421 266 4432 .
290 4421 296 4432 .
317 4378 418 4431 literas
437 4378 563 4448 papales.
602 4375 733 4442 Quarum
746 4393 860 4430 summa
877 4377 935 4431 ista
947 4377 1019 4430 fuit:
1041 4380 1059 4401 “
1074 4377 1110 4430 In
1129 4395 1163 4431 ea
1182 4419 1189 4431 .
1211 4419 1217 4431 .
1239 4417 1247 4430 .
1269 4419 1275 4430 .

265 4546 271 4574 ¹
290 4544 427 4607 infirmata]
447 4543 587 4599 imfirmata,
599 4541 655 4589 MS.
781 4540 855 4600 enim,
865 4541 931 4598 MS,
941 4542 986 4590 but
1002 4542 1107 4591 marked
1118 4551 1144 4592 to
1156 4544 1187 4593 be
1199 4551 1279 4593 bans

263 4626 273 4653 ¹
295 4622 477 4686 wintoniensis]
497 4622 573 4670 Alter
591 4620 642 4670 this
653 4621 730 4678 word,
781 4621 864 4683 posed.

230 4702 386 4767 episcopusin
397 4704 520 4765 repeated.
814 4700 824 4730 ⁴
841 4698 950 4766 hamis]
964 4703 1073 4761 botonis,
1084 4703 1139 4754 MS.

263 4782 273 4811 ³
291 4783 377 4831 etenim
404 4781 520 4847 indiguit]
551 4780 660 4845 indiguit
692 4789 729 4829 et·
813 4778 1005 4845 merorem]
1014 4783 1216 4846 congnovisseut,
1223 4783 1279 4833 MS.

1083 4880 1103 4926 r
1126 4867 1146 4927 2
