3276 5618
428 788 477 836 nn
496 787 657 836 russone
679 787 781 836 sums
804 786 951 835 uermes
973 785 1098 835 maru.
1218 770 1283 838 317

235 967 301 1030 post
318 961 408 1031 periit
425 962 605 1016 interfectus.
644 961 755 1030 Captus
767 967 821 1024 est,
841 967 872 1014 et
889 967 968 1015 totus
987 960 1131 1015 exercitus
1151 959 1214 1030 ejus
1226 960 1364 1015 dis-Al).
1378 967 1452 1015 1250.

235 1046 359 1115 sipatus,
389 1063 441 1099 rex
464 1045 643 1100 Francorum
669 1045 853 1110 Ludowieus,
883 1053 913 1099 et
941 1045 1102 1099 multarum
1131 1053 1284 1115 magnates
1297 1043 1452 1121 Memorffble

235 1132 389 1200 regionum
406 1148 474 1185 cum
492 1148 543 1194 eo;
563 1138 593 1185 et
610 1139 771 1184 conventus
789 1129 913 1199 Templi,
934 1129 1108 1199 Hospitalis,
1128 1129 1284 1185 'l'heutom-
1296 1119 1385 1226 {gem
1395 1125 1441 1226 med

236 1232 337 1268 corum
355 1223 385 1269 et
404 1214 503 1269 Sancti
516 1215 629 1268 lazari.
667 1214 706 1268 Et
723 1214 828 1268 civitas
841 1213 1008 1267 Jerusalem
1026 1231 1094 1268 eum
1113 1213 1175 1267 suis
1194 1215 1306 1292 eccle-i
1325 1192 1417 1292 effi}
1440 1204 1453 1215 ⁶

69 1297 288 1353 Did-iii·⁹0·siis
307 1308 338 1353 et
355 1300 426 1354 locis
445 1300 553 1354 sanetis
573 1298 684 1353 Christi
704 1341 711 1352 .
734 1340 740 1351 .
763 1340 770 1351 .
792 1339 800 1352 .
820 1298 1022 1352 exterminata.
1068 1297 1196 1367 Eclipsis
1217 1340 1223 1351 .
1246 1341 1252 1352 .
1275 1260 1411 1374 ,ἔξω

236 1384 403 1438 triennium.
428 1384 624 1437 Terrasmotus
636 1384 667 1437 in
679 1382 789 1453 Anglia
800 1382 922 1453 pluries,
937 1386 967 1436 et
978 1382 1068 1437 maris
1081 1382 1200 1437 insolita
1212 1382 1284 1436 dila·

236 1468 317 1522 tatio.
346 1467 409 1521 Rex
420 1467 537 1538 Anglina
551 1467 570 1521 J
573 1464 738 1537 [ohannes],
752 1466 800 1520 die
813 1473 980 1520 sanctorum
991 1466 1042 1519 vii.
1057 1465 1283 1528 Dormientium,
1314 1477 1345 1524 27
1358 1475 1430 1541 July.

236 1551 394 1621 dupliciter
418 1553 524 1615 victus,
553 1560 667 1606 amotus
694 1552 751 1605 fuit
777 1568 831 1622 per
857 1551 1047 1606 Ludowicum
1074 1551 1111 1605 ab
1136 1550 1285 1605 obsidione

236 1635 554 1705 Rupis-Monacbomm
571 1635 724 1690 violenter.
756 1635 795 1689 Et
813 1635 970 1706 imperator
983 1634 1060 1698 Otto,
1074 1641 1104 1690 et
1121 1635 1285 1704 omnesqui

238 1736 304 1773 cum
328 1719 407 1773 dieto
425 1738 496 1789 rege
516 1719 535 1772 J
539 1717 677 1789 [ohanne]
698 1726 790 1781 eraut,
810 1719 848 1772 ad
874 1726 992 1790 pontem
1011 1718 1047 1772 de
1068 1719 1196 1773 Bovines
1214 1719 1285 1773 victi

69 1803 226 1854 Ibidiii.9l.
239 1802 376 1865 luerunt,¹
395 1805 483 1874 capti,
503 1804 549 1856 rel
568 1821 621 1874 per
639 1804 741 1873 fugam
759 1803 860 1873 elapsi.
902 1802 1065 1857 Concilium
1086 1844 1092 1857 .
1114 1844 1121 1858 .
1143 1845 1150 1857 .
1170 1803 1284 1864 ultimo,

239 1888 396 1957 imperator
415 1887 602 1941 Frethericus
620 1887 886 1942 excommunicatus
905 1894 936 1942 et
953 1894 1094 1941 cassatus.
1131 1886 1200 1940 Non
1219 1904 1285 1957 pro-

238 1973 286 2025 cul
305 1990 323 2026 a
341 1972 445 2035 Janua,
465 1971 603 2026 videlicet
621 1972 651 2025 in
670 1971 754 2034 mari,
767 1971 853 2025 multi
865 1971 980 2042 praelati
998 1971 1076 2042 capti
1089 1977 1200 2025 suntet
1217 1988 1287 2024 non·

238 2056 313 2109 nulli
331 2057 484 2110 submersi.
522 2056 630 2110 Wallia
647 2072 783 2126 quoque.
800 2056 906 2110 ..suis
925 2054 1022 2109 David
1041 2061 1071 2109 et
1089 2054 1209 2109 Griffino
1228 2055 1287 2109 cito

240 2137 545 2212 [morte]²praeventis,
555 2140 672 2210 legibus
682 2182 688 2193 .
700 2181 706 2193 .
719 2141 915 2195 incurvatur,
928 2139 1084 2195 Wasconia
1090 2157 1143 2210 per
1151 2140 1287 2194 comitem

239 2225 387 2279 Simonem
406 2225 576 2289 edomatur3
597 2231 699 2295 postea
724 2224 913 2278 recalcitrans
939 2224 1004 2294 regi
1027 2224 1194 2288 inclinatur,
1214 2228 1244 2278 et
1270 2240 1288 2276 a

237 2308 437 2363 vendicatione
453 2310 534 2378 regis
547 2308 699 2378 Hispanias
717 2307 868 2363 liberatur.
902 2307 1032 2363 Maxima
1048 2326 1116 2378 pars
1134 2307 1287 2377 Hispanias

239 2393 407 2447 Christiano
443 2393 536 2448 cultui
573 2393 740 2447 restituitur
775 2409 828 2463 per
853 2410 955 2463 regem
986 2391 1121 2447 Castellae
1148 2391 1288 2445 strenuis·

238 2477 366 2540 simum3
396 2482 426 2530 et
443 2476 634 2530 nobilissimas
652 2476 794 2539 civitates,
815 2476 928 2530 scilicet
952 2474 1096 2538 Corduba,
1124 2474 1238 2536 Sibilla,
1258 2479 1288 2527 et

239 2578 345 2630 magna
368 2560 514 2623 Valentia,
538 2566 568 2613 et
585 2560 650 2613 aliae
670 2560 868 2631 quamplures,
890 2566 920 2613 et
937 2559 1041 2613 insulae
1059 2558 1287 2629 opulentissimus

239 2646 318 2699 dicto
335 2646 401 2714 regi
421 2644 632 2714 mancipantur,
653 2649 683 2696 et
700 2643 757 2696 fide
776 2642 928 2697 Catholica
947 2643 1072 2697 feliciter
1090 2642 1285 2696 illustrantur.

240 2729 329 2799 Papa,
355 2728 437 2782 velut
461 2729 528 2781 exul
555 2733 586 2782 et
610 2728 762 2797 profugus,
783 2733 813 2780 et
837 2727 872 2779 ab
891 2726 963 2780 urbe
987 2727 1135 2797 expulsus,
1162 2726 1241 2795 sugit
1270 2743 1288 2779 a

236 2813 354 2867 civitate
385 2812 415 2864 in
446 2812 603 2874 civitatem,
637 2811 708 2864 loeis
739 2810 875 2880 plurimis
911 2810 1062 2874 latitando,
1093 2816 1287 2880 persequente

237 2896 407 2950 Fretherico
425 2895 540 2966 ipsum³
559 2893 870 2949 Innocentium⁴IlIL
904 2893 961 2961 Qui
972 2893 1090 2947 tandem
1109 2892 1285 2962 Lugdunum

237 2981 367 3045 veniens,
394 2980 435 3034 ibi
461 2980 554 3034 tutius
579 2979 715 3032 latitavit.
754 2976 816 3030 Iste
834 2983 932 3030 tamen
949 2978 1116 3031 nullatenus
1135 2978 1285 3046 flagellum

238 3065 357 3118 Domini
369 3065 541 3134 castigantis
553 3061 787 3133 recognoscens,⁵
799 3061 954 3115 ecclesiam
966 3062 1032 3131 plus
1045 3061 1188 3130 gravabat
1199 3079 1286 3131 quam

239 3155 434 3204 antecessores
454 3149 517 3219 ejus
536 3147 676 3201 universi.
710 3147 782 3199 Tres
795 3144 945 3215 apostolici
964 3144 1102 3199 sederunt
1120 3146 1197 3198 iufra
1214 3145 1287 3199 duos

69 3233 345 3296 Ibid.iii92.annos;
370 3234 485 3287 vacavit
505 3274 511 3285 .
534 3274 540 3285 .
563 3273 569 3285 .
590 3232 629 3285 ix.
651 3247 775 3283 menses.
815 3228 1039 3298 Suspenduntur
1059 3269 1066 3284 .
1088 3271 1095 3282 .
1117 3270 1124 3283 .
1146 3271 1153 3282 .
1173 3229 1285 3291 scribit,

239 3325 272 3372 ut
284 3318 327 3371 eis
340 3316 536 3387 provideatur.
568 3314 804 3384 Multiplieantur
816 3312 919 3366 diatim
931 3313 1122 3383 provisiones,
1137 3319 1166 3366 et
1184 3313 1288 3367 scribit

238 3420 321 3473 papa,
340 3408 374 3455 ut
391 3400 539 3471 aliquibus
559 3397 745 3468 provideatur
764 3398 794 3451 in
814 3403 955 3466 quantum
974 3395 1111 3450 duxerint
1136 3403 1286 3466 acceptan-

70 3477 225 3534 Ibiuiiisa.
238 3485 317 3539 dum.
356 3484 474 3538 Fratres
505 3482 717 3536 Prmdicatores
751 3523 757 3535 .
787 3522 793 3534 .
824 3523 831 3534 .
860 3485 984 3550 urgente
1014 3479 1186 3542 obedientia,
1215 3480 1288 3534 fiunt

87 3564 129 3614 fol.
142 3572 174 3616 85
186 3567 208 3617 b.
239 3569 349 3623 domini
367 3586 449 3639 papae
468 3566 633 3630 thelonarii,
647 3565 757 3629 nuncii,
771 3571 801 3619 et
819 3565 904 3635 quasi
922 3563 1023 3633 legati,
1043 3562 1138 3618 seduli
1156 3564 1287 3634 pecunias

238 3653 351 3724 papalis
369 3653 551 3714 collectores,
571 3647 766 3720 praedicando,
780 3647 1019 3717 crucesignando,
1034 3653 1064 3701 et
1075 3648 1192 3710 iterum,
1211 3648 1287 3701 sueto

237 3737 302 3799 fine,
322 3735 496 3790 resumendo
507 3733 535 3799 ;⁵
553 3731 700 3798 infirmis,⁶
717 3732 877 3796 morituris,
898 3737 928 3786 et
942 3737 1116 3786 testamenta
1127 3731 1288 3786 condituris

238 3821 410 3884 assistend0,
443 3818 539 3873 omnia
575 3817 612 3872 nd
642 3815 845 3872 commodum⁸
871 3815 981 3870 domini
1011 3834 1093 3887 papae
1130 3815 1287 3885 diligentes

239 3905 435 3974 negotiatores
477 3901 658 3957 multimodis
698 3901 804 3955 armati
839 3901 1032 3971 potestatibus
1069 3900 1285 3955 convertebant.

241 3989 365 4043 Ordines
378 3987 611 4058 multiplicantur
623 3986 654 4040 iu
665 3985 776 4055 Anglia
786 3990 894 4056 praeter
913 3984 1037 4039 Ordines
1056 3984 1286 4039 Praedicatorum

274 4227 412 4290 'suet-um]
433 4225 537 4285 fuerant,
547 4223 604 4274 MS.
819 4222 1036 4287 ⁵reeopnoseens]
1079 4239 1288 4289 reeongnoeeens,

274 4305 389 4369 ²morte]
410 4304 521 4355 Omitted
532 4304 558 4352 in
569 4304 612 4352 the
624 4302 681 4353 MS.
693 4305 743 4352 and
786 4301 842 4352 Ma

241 4385 266 4434 in
286 4385 371 4433 Floras
391 4383 467 4445 Hist,
487 4386 532 4433 but
554 4383 683 4447 evidently
704 4398 742 4432 re·
819 4380 830 4411 ⁶
847 4381 997 4446 recurrendo]
1016 4385 1175 4443 resumendo,
1186 4383 1242 4434 MS.

240 4464 326 4528 quired
337 4466 403 4514 here.
819 4459 830 4496 ⁷
847 4460 961 4525 infimis]
980 4460 1100 4522 imfirmis,
1111 4462 1177 4524 MS,
1188 4465 1238 4513 and
1257 4479 1286 4513 so

275 4544 285 4574 ³
299 4551 457 4608 persequente
475 4580 481 4592 .
500 4579 506 4591 .
525 4540 636 4605 Apsum]
657 4541 697 4592 On
710 4557 741 4591 an
786 4540 861 4604 again
873 4541 960 4589 below.

239 4639 348 4673 erasure.
819 4620 830 4650 ⁸
846 4619 1001 4686 contracdicit]
1021 4624 1161 4682 comodum,
1174 4624 1230 4675 MS.

272 4704 281 4733 '⁸
301 4702 481 4770 Innocentium]
502 4699 642 4762 Innocium,
653 4701 708 4751 MS.
