3276 5618
444 807 492 857 nn
513 808 672 858 muscas
694 804 796 859 naurs
819 805 965 861 mmm
987 807 1110 861 rmum
1235 792 1300 862 268

256 981 434 1054 colloquium
446 1002 497 1039 rex
509 1003 577 1040 cum
588 985 717 1057 praelatis
730 993 761 1042 et
772 985 839 1042 aliis
850 985 1046 1056 magnatibus,
1061 984 1110 1041 ubi
1124 1022 1132 1040 .
1152 1021 1161 1040 .
1181 1023 1189 1041 .
1205 1025 1212 1039 .
1226 1001 1299 1057 pras·
1312 987 1381 1040 Μ).
1396 993 1466 1046 12³1.

256 1065 332 1122 latis.
362 1067 545 1125 Contradixit
556 1070 792 1142 archiepiscopus
805 1067 988 1141 R[icardns],
998 1077 1117 1141 propter
1128 1068 1207 1140 quod
1218 1086 1299 1126 aver·

255 1169 320 1206 sum
338 1157 385 1207 est
401 1155 553 1226 contegis,
573 1155 624 1226 qni
635 1172 704 1210 eum
715 1161 875 1220 creaverat,
889 1172 925 1211 ex
936 1160 1006 1210 tunc
1023 1161 1054 1211 et
1071 1154 1217 1225 deinceps.
1248 1154 1298 1210 In·

167 1227 181 1238 ”
253 1254 341 1308 snper
352 1237 588 1311 archiepiscopus
606 1245 782 1312 conquestus
800 1245 846 1296 est
857 1239 894 1294 de
906 1239 1040 1295 Hubertc
1060 1278 1240 1296 .......
1260 1239 1297 1296 ad

251 1321 480 1393 recognitionem
497 1324 678 1380 tenebantur.
717 1323 781 1394 Qua
798 1323 835 1380 de
852 1341 942 1380 causa
961 1365 968 1379 .
990 1363 997 1378 .
1018 1362 1027 1377 .
1047 1363 1056 1378 .
1076 1362 1084 1377 .
1106 1363 1113 1378 .
1134 1363 1163 1378 ..
1180 1363 1187 1377 .
1207 1321 1295 1378 desti

250 1405 338 1459 navit
376 1405 536 1463 Combusta
552 1414 599 1464 est
622 1407 747 1464 ecclesia
773 1414 804 1464 et
827 1407 902 1464 cella
926 1406 963 1463 de
989 1402 1158 1464 Hastielde.l
1194 1405 1296 1462 Mense
1309 1416 1411 1474 charas
1422 1420 1451 1471 ος

138 1543 144 1555 .
250 1487 373 1560 Aprilis,
391 1497 459 1561 post
477 1533 484 1546 .
505 1533 513 1547 .
534 1533 542 1548 .
562 1492 598 1548 de
616 1492 757 1548 Penbroc.
794 1492 842 1558 Et,
862 1491 1001 1563 nuptiis.
1022 1530 1030 1548 .
1051 1530 1059 1546 .
1078 1488 1186 1546 clausit
1202 1495 1297 1547 extre·
1308 1484 1420 1541 Hortalo

251 1590 341 1637 mum,
355 1580 405 1630 et.
421 1617 428 1630 .
444 1617 451 1630 .
465 1581 512 1631 est
523 1577 664 1647 sepultus.
700 1576 863 1647 Suppresso
882 1582 913 1631 et
929 1592 1064 1647 represso
1075 1573 1204 1639 beelim,
1218 1574 1297 1647 priu-
1308 1553 1392 1608 Μ’

251 1657 315 1728 cipe
327 1658 505 1725 Nor-walliae,
518 1678 571 1715 rex
587 1661 659 1717 fecit
669 1660 847 1716 reaedificare
865 1699 874 1717 .
895 1701 902 1714 .
923 1701 930 1716 .
951 1658 1029 1732 quod
1047 1666 1132 1715 antea
1148 1658 1297 1730 lignorum

251 1742 357 1807 extitit,
377 1749 408 1798 et
424 1762 443 1799 a
459 1743 646 1801 walensibus
660 1744 852 1801 destructum.
889 1743 991 1801 Mense
1002 1761 1072 1800 vero
1085 1742 1104 1799 J
1105 1742 1167 1797 unii
1180 1749 1296 1803 satum
1309 1753 1392 1806 {truce
1403 1757 1444 1809 be-

251 1832 320 1880 sunt
342 1831 454 1898 treugae
479 1829 557 1885 inter
581 1847 668 1901 reges
693 1829 873 1884 Francorum
891 1834 922 1883 et
938 1827 1104 1899 Anglorum
1127 1827 1294 1883 triennales.
1309 1829 1390 1873 meu

250 1908 352 1966 Mense
365 1911 384 1966 J
385 1912 446 1967 ulio
464 1912 570 1968 Petrus
584 1955 591 1968 .
607 1955 614 1968 .
629 1955 636 1968 .
651 1921 681 1969 et
696 1915 814 1978 honore,
828 1920 862 1970 ut
873 1912 981 1979 decuit,
1000 1930 1053 1983 pro
1063 1911 1147 1968 honis
1160 1912 1295 1984 operibus
1308 1889 1461 2021 ἓᾙζῗᾶ

136 2020 143 2033 ·
252 1995 322 2059 suis,
332 1997 383 2065 qui
395 1996 426 2050 in
435 1996 577 2052 Historiis
586 1997 702 2069 plenius
714 1998 890 2062 scribuntur,
902 1997 938 2053 ab
952 1996 1085 2052 omnibus
1097 2003 1143 2051 est
1152 2004 1294 2069 receptus.

251 2078 496 2152 Archiepiscopus
509 2081 730 2138 cantuariensis
743 2082 898 2146 Ricardns,
909 2081 1033 2153 expletis
1045 2080 1173 2152 negotiis
1182 2080 1292 2148 Rome,
1307 2102 1389 2153 path
1400 2104 1431 2154 of

251 2163 347 2217 redire
376 2165 554 2230 maturavit,
587 2164 769 2222 infirmatus²
799 2172 897 2222 autem
926 2165 1021 2221 obiter
1050 2165 1129 2237 apud
1160 2165 1294 2220 Sanctam
1307 2169 1429 2232 Bistam,

251 2247 424 2315 Gemmam,³
453 2251 485 2303 in
521 2250 606 2304 domo
644 2251 768 2306 fratrum
803 2251 959 2314 Minornm,
991 2249 1079 2305 tertia
1111 2249 1191 2304 dieta
1220 2235 1404 2306 sinubuof

250 2331 382 2397 Romam,
401 2333 456 2387 iii0.
483 2351 573 2389 nonas
596 2333 728 2406 Augusti
753 2334 831 2390 diem
859 2334 967 2391 clausit
991 2340 1163 2389 extremum.
1200 2333 1295 2391 Βοῖο-
1306 2302 1413 2420 {3²³⁸sp

250 2422 332 2471 catus
351 2422 397 2472 est
414 2435 465 2472 rex
483 2436 502 2472 a
518 2419 630 2490 nuptiis
657 2419 766 2474 sororis
796 2415 923 2490 [regis]⁴
952 2417 1070 2474 Saucius.
1108 2417 1293 2490 Radulphus‚
1323 2384 1431 2523 aaa&

250 2502 404 2574 episcopus
423 2501 627 2568 Oicestrensis,
653 2503 771 2575 Angliae
795 2502 999 2568 cancellarius,
1016 2502 1181 2574 postulatus
1200 2502 1295 2558 estin

250 2585 500 2657 archiepiscopum
530 2587 782 2643 cantuariensem.
819 2586 1012 2643 Proesentatio
1037 2587 1100 2658 ejus
1129 2587 1196 2659 regi
1220 2587 1450 2663 beneRalph,bp.

250 2671 434 2741 complacuit,
455 2672 506 2726 sed
530 2672 698 2726 intimatum
721 2672 780 2727 fuit
804 2672 946 2727 secretius
970 2689 1062 2743 papas,
1083 2670 1206 2743 quodsi
1229 2658 1461 2743 pro-⁰f0ffi0hffi·

250 2760 416 2809 moveretur
445 2755 476 2809 in
506 2756 797 2827 archiepiscopatum,
826 2755 1039 2811 contradiceret
1063 2755 1185 2821 tributo,
1217 2755 1295 2829 qnod
1306 2727 1460 2844 ff’dffiffd

250 2838 286 2892 ab
310 2837 419 2910 Anglia
448 2857 524 2910 papa
553 2841 646 2911 exigit
676 2840 834 2895 annuatim.
881 2840 1023 2912 Dixitque
1053 2839 1148 2896 adhuc
1178 2839 1294 2895 domiuo
1343 2828 1414 2912 οξωᾱ
1427 2862 1462 2928 b!

248 2938 330 2994 papae
348 2923 427 2977 idem
446 2942 575 2988 susurro,
594 2924 732 2980 videlicet
754 2925 897 2995 magister
922 2924 1032 2994 Symon
1050 2923 1086 2978 de
1105 2923 1292 2996 Iraug'etuna,
1307 2925 1430 2996 thepope.

249 3007 326 3077 quod
355 3006 451 3062 dictus
477 3008 630 3080 episcopus
661 3007 863 3074 (licestreusis
895 3006 1078 3079 liudulphus,
1097 3009 1211 3064 aulicus
1238 3008 1295 3065 fuit
1473 3001 1480 3009 ’

248 3091 366 3162 regalis,
389 3092 523 3157 festinus,
544 3099 574 3148 et
592 3093 730 3163 spiritum
755 3092 865 3147 habens
892 3092 924 3146 in
941 3091 1071 3147 naribus.
1109 3092 1190 3164 Papa
1213 3109 1292 3158 vero,

248 3173 305 3229 hiis
324 3174 442 3241 auditis,
462 3176 589 3232 cassavit
606 3175 642 3230 de
660 3175 724 3247 ipso
743 3177 852 3232 iactam
869 3175 1105 3247 postulationem,
1122 3176 1291 3242 concedens,

115 3258 120 3268 ’
251 3259 532 3331 ...inpastorem
569 3259 835 3316 Annosubeodem
854 3300 862 3316 .
883 3300 892 3316 .
912 3300 920 3315 .
941 3258 1292 3332 StephanodeSegrave,

133 3366 140 3378 ·
248 3343 342 3398 milite
356 3342 483 3410 literato,
498 3350 528 3400 et
542 3344 716 3415 quibusdam
733 3345 849 3400 clericis
869 3343 982 3409 aulicis,
1002 3345 1053 3415 qui
1067 3343 1292 3417 computabaut⁵

249 3426 446 3482 Mmmorum
464 3436 495 3484 et
518 3428 681 3485 alienorum
703 3426 808 3500 quam‘
827 3429 920 3500 ipsius
938 3428 1038 3500 regis;
1058 3433 1088 3483 et
1105 3427 1401 3499 vehementerPillags
1412 3426 1442 3484 oi

247 3513 282 3566 ab
307 3513 362 3568 hoc
380 3511 611 3585 indignantibus,
631 3514 772 3570 distracta
796 3524 865 3570 sunt
887 3513 975 3569 blada
998 3514 1130 3585 ipsorum
1149 3514 1292 3570 Romano·
1304 3498 1462 3618 ἵζετο(

247 3615 312 3652 rum
330 3606 360 3653 et
377 3599 616 3669 alienigenarum,
632 3607 661 3655 et
678 3600 737 3671 ipsi
755 3598 881 3671 dispersi
899 3605 968 3654 sunt
986 3599 1090 3666 subito,
1110 3600 1152 3655 ita
1166 3596 1270 3670 [quod]
1280 3597 1292 3636 ²
1303 3581 1366 3684 flea
1376 3583 1439 3685 ὦ

247 3682 379 3738 viderent
405 3702 503 3739 omnes
531 3685 628 3740 subito
653 3682 816 3740 evanuisse.
854 3683 965 3739 Eorum
989 3701 1093 3755 nempe
1112 3684 1289 3739 cousuetudo
1302 3698 1366 3751 im,

246 3767 409 3823 infallibilis
435 3775 480 3823 est
498 3770 601 3839 fugere
620 3771 755 3840 fugantes
781 3775 811 3823 et
828 3769 932 3840 lagare
950 3767 1106 3839 fugientes.
1156 3768 1289 3824 Fuerunt

247 3858 344 3906 autem
366 3851 485 3923 quidam
512 3854 548 3907 dc
573 3870 663 3924 regno
694 3853 851 3917 temerarii,
871 3853 921 3925 qui
949 3853 1027 3924 ipsos
1052 3854 1094 3908 ita
1119 3858 1289 3908 terruerunt

247 3936 422 3993 exturbatos.
461 3935 517 4004 Qui
536 3937 561 3990 si
581 3938 666 3991 istam
685 3937 864 4008 fugationem
876 3943 994 4010 possent
1011 3954 1063 4008 per
1081 3936 1198 4008 aliquod
1216 3943 1287 3991 tem-

1142 4092 1284 4102 .-——-..

280 4187 286 4218 ¹
308 4185 435 4239 Combusta
454 4221 460 4232 .
478 4221 485 4233 .
503 4222 510 4234 .
528 4180 662 4247 Hoetselde]
688 4183 742 4232 Ad·
789 4183 878 4233 tionos
885 4184 1011 4248 Spoleto],
1023 4199 1049 4234 as
1060 4183 1086 4232 in
1097 4183 1139 4233 the
1149 4183 1286 4240 “Annales

246 4267 294 4317 ded
306 4267 331 4314 in
344 4266 387 4315 the
398 4263 503 4329 margin.
788 4264 819 4311 de
832 4262 995 4322 Waverleia,”
1007 4279 1029 4326 p.
1042 4268 1099 4321 ³09,
1111 4265 1149 4313 ed.
1160 4265 1251 4317 Luard.

278 4346 288 4379 2
305 4345 453 4410 infirmatas]
472 4343 626 4404 imfirmstus,
637 4342 691 4393 Ms.
821 4341 831 4371 ⁴
843 4342 919 4406 regis]
934 4342 1051 4404 Supplied
1061 4342 1126 4391 from
1138 4343 1200 4392 Hier
1211 4346 1285 4412 Acyl.

278 4426 288 4458 ὓ
308 4425 422 4474 Sanctam
442 4422 578 4486 Grumum]
598 4420 633 4472 So
643 4421 696 4473 also
714 4421 740 4471 in
820 4423 830 4454 ⁵
846 4420 1027 4486 computabunt]
1049 4421 1124 4471 Some
1141 4425 1224 4474 words
1241 4442 1284 4476 are

245 4505 397 4565 Wendover,
417 4504 458 4553 the
476 4503 581 4553 Greater
599 4501 740 4559 Chronicle,
788 4500 898 4566 wanting
917 4501 982 4550 here.
1017 4500 1129 4564 Perhaps
1146 4519 1184 4553 we
1203 4504 1283 4571 might

244 4587 287 4635 the
296 4582 362 4634 Har.
372 4582 454 4648 Arpi,
462 4584 511 4632 aad
521 4580 606 4630 Floret
613 4579 689 4640 Har,
696 4581 742 4630 bnt
787 4582 877 4644 supply
888 4579 1049 4642 beneficiatos,
1061 4589 1118 4630 tam.

244 4682 281 4715 we
301 4665 392 4714 should
408 4662 531 4727 probably
545 4662 606 4712 read
626 4660 741 4709 Sanctam
820 4659 830 4690 ⁶
847 4660 931 4725 mon]
950 4668 1003 4724 q⁸u,
1014 4659 1071 4712 MS.

247 4746 369 4796 Geruinam
389 4743 440 4808 [St.
458 4740 603 4803 Geminam
620 4739 741 4806 thelega·
819 4738 923 4806 lpas]
942 4738 1158 4796 omomhttss
