3278 5610
407 777 453 824 aa
475 776 636 824 raucone
658 775 758 825 nnsis
780 775 927 823 auraici
950 775 1111 825 snorum.
1218 761 1282 822 205

238 958 268 1006 et
281 950 343 1022 juri
361 951 525 1006 inimicum.
561 950 601 1004 Et
619 948 691 1003 dum
712 949 775 1002 haec
793 954 963 1019 agerentur,
983 949 1015 1002 in
1034 951 1104 1004 flore
1122 949 1285 1020 juventutis

87 1038 129 1088 sol.
142 1042 211 1086 3οα.
239 1054 309 1099 sum,
329 1054 397 1091 cum
416 1053 524 1089 aunum
550 1034 644 1088 atatis
672 1033 846 1087 vicesimum
864 1039 1001 1087 oetaimm
1019 1034 1236 1104 complevisset,
1256 1034 1287 1088 in

238 1120 384 1175 Turonica
394 1137 446 1174 rex
461 1118 561 1189 junior
574 1116 720 1172 demedio
738 1116 871 1171 sublatus
890 1123 945 1180 est,
960 1122 990 1171 et
1008 1116 1039 1171 in
1058 1117 1287 1186 Rothomagensi

239 1204 364 1259 ecclesia
390 1202 517 1258 traditus
544 1201 712 1273 sepultura.
751 1199 904 1264 Girardus,
932 1201 1030 1256 dictus
1049 1201 1163 1264 Puella,
1190 1219 1288 1256 conse-

72 1287 106 1336 11.
121 1285 183 1335 ni.
240 1294 339 1342 oratur
369 1287 524 1359 episcopus
655 1285 809 1340 concessit.
858 1285 1008 1340 Walterus
1036 1285 1073 1340 de
1093 1285 1287 1350 Constanciis,

73 1357 130 1402 ⁴²⁶·
240 1371 454 1427 Lincolniensis
472 1370 637 1443 episcopus,
658 1369 716 1423 in.
739 1410 745 1423 .
768 1410 775 1424 .
795 1369 963 1424 collocatus.

72 1523 182 1574 ilai.
275 1520 511 1568 u⁰.c⁰.1.xx11111⁰.
550 1509 697 1565 Ricardus
711 1549 809 1565 .....
824 1516 997 1566 extremum.
1029 1511 1092 1566 Rex
1112 1508 1287 1582 H[enricus]

73 1597 131 1643 ⁴²⁶·
241 1597 343 1652 duxit.
361 1639 366 1651 .
384 1639 390 1650 .
405 1595 518 1651 familia
535 1613 600 1650 sua·
637 1594 762 1650 Ducissa
779 1600 878 1650 autem
887 1597 1002 1668 peperit
1013 1596 1106 1650 filium
1120 1595 1287 1661 Wintoniae,
1301 1595 1437 1645 Birthofa

242 1700 329 1752 quem
353 1681 468 1735 vocavit
495 1678 688 1734 Willelmum.
727 1678 923 1743 Baldewiuus‚
943 1679 1160 1750 wigorniensis
1179 1679 1289 1750 episeo·
1302 1677 1348 1711 ⁸⁰¹¹
1361 1662 1439 1712 ‘⁰³¹¹‘

73 1769 226 1820 lbid.i.427.
241 1783 306 1836 pus,
328 1767 423 1820 factus
436 1771 481 1819 est
501 1804 508 1818 .
530 1805 536 1817 .
559 1763 838 1833 .Rcthomagensis.
868 1763 1033 1836 Philippus,
1054 1763 1289 1834 archiepiscopus
1302 1729 1415 1859 &gig

245 1848 485 1905 ....soluturi.
531 1847 675 1902 Dominus
704 1846 782 1901 enim
810 1847 917 1901 samam
936 1847 1069 1916 ejusdem
1087 1847 1217 1902 martiris
1236 1866 1420 1924 perpameof

242 1934 344 1989 crebro
356 1932 505 1987 celebrata
523 1931 667 1986 miracula
679 1947 732 2003 per
749 1930 840 1985 totius
853 1930 1085 1986 Christianitatis
1103 1930 1289 1986 latitudinem
1301 1940 1338 1991 St.
1346 1941 1457 1992 Thomas

241 2015 419 2072 clarificavit.
455 2015 645 2086 Magnetibus
664 2014 907 2069 adventantibus¹
928 2032 1082 2070 occurrens
1101 2033 1161 2079 rex,
1187 2014 1288 2070 multis
1301 2009 1343 2058 the
1354 2014 1457 2071 martyr·

241 2100 454 2155 esthouoribus
472 2104 657 2170 prosecutus.
693 2098 756 2153 Rex
775 2097 929 2153 fundavit²
948 2139 954 2151 .
975 2139 981 2152 .
1002 2139 1008 2152 .
1029 2139 1036 2152 .
1055 2099 1152 2153 anima
1166 2098 1287 2153 Heurici

240 2184 293 2239 filii
321 2185 378 2246 sui,
412 2184 463 2253 qui
494 2182 669 2253 quandoque
702 2181 820 2237 beatum
846 2182 987 2236 Thomam
1018 2183 1055 2237 ad
1082 2183 1157 2237 iram
1186 2199 1289 2254 provo·

240 2274 364 2323 caverat.
402 2265 482 2321 Obiit
500 2265 661 2329 locelinus,
683 2265 837 2337 spiscopus
864 2265 1099 2321 Saresbiriensis.
1141 2266 1205 2320 Rex
1223 2261 1429 2338 Sar-Demiror·

239 2368 409 2406 rucenorum
447 2350 589 2414 omnium,
624 2350 675 2420 qni
712 2354 780 2404 sunt
815 2349 845 2404 in
883 2349 1037 2421 Hispania,
1077 2349 1161 2405 duxit
1201 2391 1208 2403 .
1241 2391 1247 2403 .
1282 2328 1412 2405 ,ΜΨ

239 2434 360 2506 regibus
396 2432 513 2497 xxxvii,
553 2438 587 2487 ut
620 2451 726 2488 nomen
762 2440 792 2489 et
825 2434 913 2489 fidem.
952 2434 1092 2489 delerent.
1149 2435 1188 2490 Et
1224 2394 1440 2527 postgffiss’yf

240 2519 332 2573 multa
351 2518 457 2588 proelia
484 2522 515 2571 et
540 2516 634 2571 caedes
660 2517 817 2588 utrobique
837 2519 940 2582 factae,
961 2519 1088 2584 tandem,
1109 2520 1289 2575 consentien·
1302 2541 1425 2591 pmed.

240 2601 343 2658 tibus³
379 2601 522 2672 partibus,
555 2599 706 2655 decretum
737 2609 791 2666 est,
824 2608 858 2654 ut
887 2600 986 2656 duello
1014 2609 1109 2657 totum
1138 2605 1289 2674 negotium
1301 2607 1359 2672 inge
1371 2608 1402 2656 of
1412 2607 1456 2657 the

240 2686 348 2740 Martis
377 2684 631 2748 determinaretur,
663 2685 804 2739 videlieet
833 2687 914 2756 regis
943 2685 1119 2740 Maoemund
1149 2694 1180 2742 et
1208 2689 1288 2759 regis
1301 2674 1423 2752 ,Sffloeffl

242 2769 380 2832 Galacire,
409 2767 446 2821 ad
471 2767 526 2822 hoc
551 2768 722 2822 electorum.
758 2767 934 2824 Maeemund
957 2775 1055 2824 autem
1080 2769 1117 2825 ad
1142 2773 1289 2843 pugnam⁴
1302 2757 1328 2790 ¹¹¹
1341 2741 1427 2804 Simu·

242 2859 435 2925 praeparatae,
456 2851 512 2905 etsi
540 2851 660 2915 invitus,
681 2870 749 2907 cum
770 2871 879 2923 equum
899 2853 1019 2908 deberet
1044 2854 1211 2918 ascendere,
1231 2862 1289 2911 tre-

240 2935 403 2991 mebundus
434 2952 495 3005 prae
522 2952 639 3004 pavore,
667 2935 748 2990 febre
775 2943 928 3008 correptus
955 2944 1017 3004 est3
1047 2957 1082 2993 ex
1113 2957 1170 3010 quo
1198 2941 1288 3005 febre,

240 3021 341 3075 dolore
367 3025 397 3074 et
421 3018 684 3089 pusillanimitate‘
714 3019 835 3074 interiit.
885 3019 948 3089 Quo
975 3028 1100 3085 mortuo,
1121 3029 1200 3077 totus
1227 3024 1290 3093 ejus

242 3105 384 3160 confusus
410 3103 489 3172 fugit
515 3103 669 3166 exercitus,
691 3104 792 3173 spoliis
818 3122 919 3159 eorum
938 3105 1114 3162 Christianis
1132 3106 1290 3163 derelictis.

243 3188 441 3252 Baldewinns,
461 3186 612 3250 Almarici,
634 3187 779 3256 quondam
803 3189 884 3259 regis
904 3189 1079 3255 Jerusalem,
1105 3190 1193 3254 filius,
1220 3198 1289 3246 tunc
1302 3193 1457 3256 Kinngld-

243 3276 274 3328 in
292 3274 384 3327 Terra
404 3270 511 3326 Sancta
528 3271 673 3341 regnavit.
709 3270 872 3326 Percussus
892 3273 983 3343 lepra,
1003 3275 1167 3329 convocatis
1186 3275 1288 3345 utique
1302 3260 1458 3338 VJWMM

244 3357 329 3428 regni
342 3354 532 3426 principibus,
547 3360 639 3409 matre
661 3351 851 3427 [praeseute]⁶
869 3360 899 3409 et
916 3357 1091 3426 patriarcha,
1105 3375 1229 3427 regnum
1244 3378 1288 3414 re·
1301 3327 1341 3375 ¹¹¹⁸
1352 3342 1445 3376 ‘mn'

242 3442 381 3512 signarit.
420 3438 517 3494 Guido
529 3445 627 3494 autem
646 3438 683 3492 de
695 3439 843 3493 Liaiuiaco
862 3439 1069 3496 substituitur²
1087 3459 1179 3513 regno
1190 3466 1196 3508 ;
1207 3442 1218 3474 ⁸
1230 3461 1288 3514 quo

241 3544 297 3581 non
315 3529 515 3597 prosperante,
531 3522 724 3588 Reimundus‚
745 3541 843 3579 comes
862 3523 1071 3594 Tripolitanus,
1091 3526 1287 3583 substituitur.

243 3611 310 3665 Hac
337 3625 453 3679 quoque
478 3613 655 3678 tempestate
681 3607 902 3680 potentissimus
921 3607 1081 3663 Babiloniae
1105 3616 1136 3666 et
1153 3610 1288 3669 Damasci
1301 3617 1439 3683 conquesto

243 3693 397 3757 Soldanus,
417 3692 463 3746 vir
482 3691 601 3762 quidem
619 3692 702 3746 vafer
720 3698 751 3746 et
766 3692 935 3758 bellicosus,
955 3693 1071 3748 nomine
1084 3693 1286 3764 Sauhadinus,
1299 3685 1446 3737 ⁰fs²¹⁸ffi¹b

243 3775 410 3846 subjugatis
438 3775 661 3846 quampluribus
689 3775 830 3831 orientis⁹
860 3776 992 3846 regibus,
1024 3777 1106 3843 adeo,
1138 3779 1200 3835 Deo
1223 3799 1287 3853 per·

242 3861 386 3925 mittente,
406 3860 437 3914 iu
455 3861 546 3914 Terra
565 3858 673 3914 Sancta
690 3858 892 3915 debacchando
902 3859 922 3891 ¹⁰
939 3861 1072 3926 invaluit,
1091 3868 1127 3919 ut
1143 3864 1239 3920 omnia
1255 3866 1286 3922 in

242 3963 277 3999 ea
295 3943 458 3999 discrimini
476 3950 609 4014 paterent
627 3948 657 3998 et
675 3944 863 4009 extermiui0;
882 3951 961 4000 etse
980 3944 1172 4004 Salahadinus
1184 3967 1284 4022 regem

242 4047 347 4099 regum
375 4029 487 4082 faceret
512 4026 663 4098 appellari.
711 4027 830 4082 Mortuo
861 4029 972 4085 interea
1006 4031 1183 4098 Baldewino,
1213 4052 1283 4107 rege
1295 4030 1422 4150 ffldleigf

277 4217 284 4248 ¹
303 4212 501 4278 adventantibus]
521 4215 680 4273 adventabat,
687 4212 743 4264 MS.
823 4214 834 4246 ⁶
848 4216 981 4282 procule]
1000 4217 1117 4285 Supplied
1134 4222 1197 4272 from
1214 4223 1281 4273 lsai.

277 4297 288 4328 ⁹
298 4294 433 4359 fundarit]
453 4292 585 4352 fundavit
596 4291 653 4341 MS.
788 4294 869 4358 Aapl„
880 4295 895 4344 i.
908 4301 964 4345 ⁴29.

277 4376 287 4406 ³
304 4371 519 4436 musentientibar]
538 4372 744 4433 consencienbus,
820 4373 1015 4443 Maeciano]
1033 4379 1179 4442 smtituitur,
1190 4380 1246 4432 MS.

245 4456 302 4506 MS.
820 4452 831 4483 ⁸
848 4456 932 4520 reque]
953 4456 1044 4507 Added
1055 4458 1081 4507 in
1092 4473 1168 4525 marg.

277 4535 287 4565 ⁴
303 4532 422 4599 puppam]
443 4545 578 4596 pungnam,
587 4528 643 4580 MS.
819 4531 830 4563 ⁹
847 4535 958 4599 crieulr's]
977 4535 1121 4597 crisantus,
1132 4538 1188 4590 MS.

277 4614 288 4645 ³
303 4610 517 4679 pusillanimitate]
559 4608 743 4674 pusillanimis,
820 4611 840 4644 ¹⁰
855 4612 1034 4679 debacchando]
1053 4616 1203 4682 abundo,
1215 4621 1271 4675 MS.

245 4695 302 4746 MS.
