3278 5610
369 741 433 803 326
457 752 624 802 sarsum
647 750 857 803 Paestanas
879 751 1113 804 mnanvrsrro
1135 756 1404 808 euneureouum

202 935 271 986 ΑΙ).
282 936 355 984 1258.
371 926 480 984 Ordine
498 927 738 992 Pradieatorum,
764 927 940 983 certificatus
966 927 1057 984 frater
1075 927 1211 985 Matheus
1232 927 1427 996 Parisiensis,

200 1015 256 1064 The
267 1014 324 1064 Life
382 1012 537 1068 memorati
574 1013 666 1068 sancti
704 1013 852 1067 Edmundi
877 1012 969 1069 vitam
995 1031 1014 1068 a
1036 1012 1191 1085 fidedignis
1216 1012 1275 1069 sibi
1299 1014 1429 1070 relatam

202 1080 339 1132 &St-Ed·
375 1098 533 1168 diligenter
568 1097 750 1169 perscripsit.
788 1097 861 1153 Post
884 1115 1033 1154 recessum
1057 1099 1172 1154 comitis
1198 1096 1355 1170 S[imonis]
1389 1100 1428 1155 de

203 1148 348 1279 ffiinby
374 1182 538 1247 wasconia,
566 1187 717 1255 coeperunt
743 1182 952 1239 Wascenenses
979 1182 1057 1239 bella
1076 1184 1114 1239 ad
1140 1183 1267 1239 invicem
1292 1201 1425 1250 movere,

203 1280 324 1332 Matthew
374 1269 449 1323 alter
475 1267 597 1323 alterius
623 1273 719 1324 eastra
745 1266 893 1334 invadere,
918 1268 1050 1323 homines
1068 1268 1225 1339 captivare,
1245 1266 1373 1324 {edificia
1394 1269 1427 1325 in

206 1347 285 1397 Paris·
375 1351 491 1408 favillas
503 1351 649 1423 redigere.
674 1352 720 1407 Ex
739 1351 845 1424 quibus
862 1351 976 1423 primus
989 1352 1045 1407 fuit
1057 1351 1157 1418 Gaste,
1171 1351 1306 1408 deminus
1318 1352 1426 1409 Biarre

202 1414 321 1491 Dl‘ffll
374 1444 404 1492 a
430 1436 579 1508 perages,
608 1436 659 1508 qui
685 1454 716 1491 a
742 1437 893 1492 amsans
917 1436 954 1491 ae
978 1453 1080 1507 rogem
1105 1436 1267 1507 urania,
1296 1442 1331 1492 a
1354 1437 1426 1493 ineo

206 1496 318 1531 ancefllll
655 1520 661 1531 .
709 1520 715 1531 .
973 1520 979 1532 .
1182 1521 1189 1532 .
1226 1520 1233 1532 .
1398 1521 1406 1533 .

205 1548 329 1613 away·
374 1521 555 1592 plusregem
571 1520 689 1591 Anglrae
707 1521 868 1576 rufestaret.
905 1520 945 1575 Et
957 1537 999 1575 sre
1010 1522 1110 1576 hostes
1125 1537 1206 1591 reg1s
1224 1520 1427 1577 mWascema

373 1605 524 1670 animavit,
556 1603 599 1660 ita
627 1609 661 1660 ut
696 1604 883 1676 Burdegalis,
915 1621 980 1674 qum
1007 1604 1062 1661 toti
1089 1604 1251 1660 Wasconiae
1279 1604 1427 1661 victualia

204 1713 343 1779 Privileges
373 1689 527 1746 consuevit
555 1689 731 1755 ministrare,
763 1690 853 1760 coepit
887 1706 985 1760 egere.
1023 1688 1167 1745 Dominus
1196 1706 1248 1744 rex
1277 1691 1427 1746 concessit

204 1783 310 1845 granted
320 1788 347 1831 to
374 1775 504 1830 ecclesiae
522 1772 558 1828 de
576 1775 743 1839 Wantham,
757 1780 787 1829 et
799 1773 990 1839 confirmavit,
1010 1779 1044 1829 ut
1061 1774 1289 1845 quotiescunque
1302 1774 1426 1830 demum

203 1848 330 1898 ΝΜ
373 1860 455 1914 illam
482 1859 640 1930 contigerit
667 1877 781 1924 vacere,
808 1864 966 1915 conventus
994 1864 1054 1913 tam
1077 1858 1114 1914 de
1134 1858 1254 1914 baronia
1276 1860 1426 1930 quamde

203 1915 292 1981 ΜΨ
373 1943 604 2016 possessionibus
631 1943 761 1999 eeclesia
785 1943 907 1998 liberam
931 1943 1037 1998 habeat
1054 1960 1107 2014 pro
1124 1944 1273 1999 voluntate
1291 1962 1347 1999 sua
1364 1945 1426 2000 dis·

373 2028 499 2101 ponendi
518 2030 695 2085 facultatem.
742 2029 808 2084 Duo
826 2029 946 2099 insuper
963 2033 1093 2083 mereata
1111 2033 1141 2084 et
1157 2028 1215 2083 alia
1232 2028 1308 2083 bona
1326 2028 1425 2084 eidem

374 2114 507 2178 eontulit,
536 2119 566 2168 et
596 2131 685 2184 super
709 2112 767 2167 hiis
795 2118 906 2168 cartam
933 2130 1025 2177 suam,
1054 2113 1124 2167 licet
1153 2113 1235 2183 prius
1260 2117 1423 2183 optentam,

204 2216 334 2281 nempe
374 2199 483 2254 iterum
520 2197 654 2253 confecit.
711 2196 786 2252 Cum
817 2196 941 2251 ecclesia
976 2197 1107 2252 Romana
1142 2197 1188 2252 sui
1224 2196 1362 2267 praesulis
1394 2202 1427 2252 et

204 2293 341 2336 retumste
374 2281 500 2354 pastoris
530 2281 642 2336 diutius
671 2280 843 2337 viduaretur
872 2282 1037 2352 praesentia,
1064 2287 1186 2353 regatus
1212 2286 1258 2336 est
1287 2280 1427 2337 deminus

204 2351 292 2401 Eme·
378 2387 455 2442 papa
474 2367 663 2439 solempniter
682 2385 699 2422 a
717 2367 856 2423 Romanis
868 2373 903 2422 ut
913 2368 1037 2422 Romam
1054 2368 1174 2433 rediret,
1194 2385 1316 2439 gregem
1335 2386 1427 2424 suum

373 2471 455 2510 more
471 2453 596 2525 pastoris
615 2451 799 2507 minaturus.¹
830 2452 887 2521 Qui
898 2457 996 2508 tamen
1007 2453 1169 2517 retardans,
1182 2453 1290 2508 iterum
1301 2458 1427 2509 vocatus

373 2544 420 2594 ost
437 2542 467 2594 et
484 2537 672 2608 solempnius,
701 2537 756 2591 hoc
780 2536 925 2607 adjuncto,
946 2542 979 2592 ut
1002 2537 1116 2593 scilieet
1142 2544 1210 2592 tune
1235 2537 1350 2592 veniret
1373 2543 1428 2593 ant

374 2640 534 2694 nunquam.
574 2621 637 2690 Quo
658 2621 767 2687 audito,
781 2621 915 2676 domiuus
933 2639 1009 2694 papa
1027 2622 1063 2676 de
1081 2639 1163 2678 mora
1180 2622 1287 2677 timens
1304 2620 1426 2678 trahere

374 2707 548 2780 periculum,
569 2724 587 2760 a
604 2705 728 2761 Perusie
745 2705 894 2771 recedens,
914 2706 1037 2761 Romam
1054 2723 1148 2777 usque
1169 2706 1346 2777 properavit.
1384 2705 1427 2763 Et

373 2793 445 2847 licet
469 2790 501 2845 in
527 2791 621 2846 multa
639 2790 793 2846 tenebatur
810 2790 934 2862 pecunia
952 2790 1072 2855 eisdem,
1093 2807 1181 2860 quam
1199 2807 1252 2861 pro
1269 2806 1304 2844 eo
1322 2795 1427 2845 eontra

374 2875 577 2932 Fretherienm
607 2873 811 2945 expenderant,
841 2874 1003 2947 gaudenter
1026 2880 1126 2928 tamen
1146 2878 1176 2928 ct
1192 2878 1362 2928 reverenter
1386 2875 1426 2930 ab

205 2962 359 3014 Parliament
375 2960 508 3017 omnibus
528 2965 680 3031 susceptus
699 2965 753 3015 est.
789 2960 825 3013 In
851 2959 998 3030 quindena
1021 2959 1151 3024 Paschae,
1172 2959 1297 3013 adunato
1314 2977 1426 3030 magne
1512 2969 1519 2981 ”

205 3031 350 3095 fflbltd,
376 3046 565 3119 parlamento,
594 3044 742 3116 petierunt
766 3044 884 3115 praelati
901 3043 963 3098 fere
982 3060 1081 3098 omnes
1099 3043 1220 3097 insimul
1238 3044 1424 3115 cougregati,

205 3098 356 3214 &22¹1oe
375 3137 410 3187 ut
427 3129 561 3207 dominus
579 3147 632 3185 rex
656 3136 751 3184 cartas
778 3146 951 3184 conservens
976 3134 1006 3182 et
1029 3127 1191 3191 libertates,
1219 3145 1291 3198 quas
1313 3128 1425 3199 sepius

205 3216 557 3288 osthechafpremiserat,
578 3218 708 3269 sanctam
734 3214 854 3284 iusuper
878 3212 1032 3267 eeclesiam
1056 3212 1240 3283 permit-teret
1263 3210 1324 3265 suis
1351 3229 1425 3283 gau-

205 3299 316 3374 tyrsend
377 3300 446 3354 dere
474 3300 670 3364 libertatibus,
702 3298 826 3353 maxime
857 3297 893 3351 de
923 3296 1113 3352 electionibus
1148 3296 1333 3367 praelatorum
1361 3301 1425 3351 tam

205 3364 343 3481 gbffneged
376 3384 587 3440 cathedralium
612 3382 802 3438 ecclesiarum
832 3398 921 3453 quam
947 3379 1191 3436 conventualium.
1229 3379 1299 3449 Quas
1325 3382 1425 3437 omnia

222 3445 295 3481 eman
344 3467 351 3481 ⁹
377 3488 430 3524 rex
455 3486 486 3523 se
504 3468 700 3539 indempniter
719 3467 942 3521 observaturum
967 3470 1142 3536 protestans,
1170 3465 1338 3519 eorumdem
1363 3483 1424 3520 uua

377 3571 444 3608 cum
471 3552 537 3607 aliis
562 3552 757 3623 magnatibus,
778 3551 815 3605 ad
834 3568 894 3604 sure
911 3550 1058 3620 praecipue
1085 3548 1329 3620 peregrinationis
1354 3549 1424 3604 sub-

377 3639 493 3701 sidium,
531 3637 712 3708 postulatum
747 3634 784 3688 de
815 3634 1028 3688 contributione
1063 3634 1224 3704 reportavit
1258 3650 1421 3688 assensum.

207 3723 354 3775 Grautefa
378 3724 523 3778 Concessa
541 3728 586 3776 est
603 3721 697 3791 igitur
723 3719 788 3789 regi
807 3718 920 3773 decima
938 3736 1005 3789 pars
1024 3724 1219 3789 proventuum
1246 3716 1423 3773 ecclesiasti·

207 3792 348 3851 oenffirffld
377 3825 478 3864 cerum
496 3824 549 3878 per
567 3805 737 3860 triennium.
785 3803 814 3856 A
831 3802 975 3857 militibus
994 3820 1063 3858 vero
1081 3803 1248 3873 scutagium
1266 3802 1317 3856 ille
1336 3820 1422 3867 anne,

206 3865 314 3923 mm·
377 3890 539 3948 scilicetad
558 3894 673 3944 seutrrm
691 3894 752 3942 tres
769 3904 885 3942 marem.
923 3886 985 3941 Rex
1005 3892 1103 3942 autem
1120 3887 1196 3941 bona
1213 3886 1269 3940 fide
1287 3887 1426 3956 promisit

376 3995 408 4033 se
427 3975 524 4031 emnia
546 3971 755 4029 iuviolabiliter
773 3971 1003 4036 observaturum,
1030 3990 1095 4042 qum
1114 3977 1144 4026 et
1162 3971 1234 4025 alias
1252 3970 1424 4027 multotiens

373 4063 534 4133 juraverat,
555 4063 585 4112 et
613 4062 697 4129 pater
727 4074 798 4111 suus
829 4055 976 4110 Johannes
1000 4055 1095 4127 primo
1114 4055 1284 4110 affirmabat.
1321 4054 1361 4108 Et
1389 4063 1426 4112 ut

376 4146 516 4202 certiores
535 4143 638 4198 fierent
655 4140 692 4196 de
710 4139 863 4212 promisso,
883 4141 1023 4212 praecepit
1040 4158 1128 4211 super
1145 4141 1200 4194 hee
1219 4139 1426 4210 inpraesentia

376 4249 429 4287 sua
447 4227 620 4286 sententiam
644 4225 769 4299 proferri
788 4224 818 4280 iu
835 4224 975 4297 publico.2
1018 4223 1101 4294 Quod
1119 4231 1149 4279 et
1167 4224 1276 4280 factum
1294 4229 1349 4288 cst,
1366 4224 1425 4281 hec

374 4316 468 4370 modo.
575 4326 579 4331 '

409 4609 578 4675 1ιιιιίιιιιιινιιι]
588 4611 780 4675 gubernaturus,
790 4608 877 4658 Flores
955 4607 967 4637 ²
981 4606 1093 4672 publr‘co]
1112 4607 1248 4671 publicum,
1265 4606 1332 4657 Her.
1349 4607 1424 4673 Asel.

376 4690 445 4741 Hr'st
925 4688 975 4737 and
986 4686 1012 4735 F
1010 4686 1072 4736 fores
