3278 5610
416 786 463 835 ns
485 787 645 835 ruuross
668 787 769 834 nsum
791 787 946 851 unumst,
969 789 1035 839 vlz.
1059 789 1180 839 suurn.
1256 777 1319 839 135

271 961 405 1038 tionem,
430 961 531 1025 immo
567 960 774 1041 deletionem,
798 962 984 1050 preesertim
1018 985 1090 1027 cum
1121 967 1216 1027 tanta
1238 963 1319 1051 legis
1332 966 1487 1020 tib-12⁵³·

271 1061 473 1149 permutatio
512 1061 583 1127 sine
621 1064 789 1129 communi
830 1084 966 1130 assensu
1016 1065 1165 1151 basnagii
1184 1065 1319 1131 minime

269 1165 429 1231 valuisset
451 1164 616 1232 constitut

296 1432 389 1503 Obiit
412 1434 589 1523 episcopos
621 1434 847 1603 Oioemffif’
872 1434 1034 1522 temptato·
1057 1433 1235 1501 Riccrdos
1257 1433 1298 1501 de

775 1559 817 1602 cz.

317 1683 442 1763 Quarto
474 1705 577 1748 nonas
611 1683 737 1768 Aprilis
772 1682 856 1749 obiit
892 1682 1062 1768 episcopus
1096 1683 1319 1762 Oicestrensis,
1356 1685 1468 1749 supro.

269 1787 427 1871 magister
449 1785 609 1850 Ricardus
637 1785 677 1849 de
701 1783 785 1863 wiz,
820 1783 874 1849 vir
907 1785 1085 1850 eminentis
1115 1785 1262 1851 scientia
1285 1791 1320 1853 et
1332 1763 1470 1894 332⁰}

270 1889 401 1953 eximite
434 1886 630 1962 sanctitatis,
662 1886 819 1971 beatique
854 1887 1034 1965 Edmundi,
1069 1887 1320 1954 cantuariensis
1332 1895 1488 1948 chichester.

268 1989 509 2074 archiepiscopi,
533 1988 668 2053 clericus
691 1988 857 2074 quondam
881 1994 917 2053 et
938 1989 1145 2054 consiliarius
1161 1989 1317 2075 specialis.

269 2091 342 2169 Hic,
366 2090 546 2155 secundum
577 2090 668 2155 beati
703 2090 873 2154 Edmundi
908 2090 1112 2168 vaticinium,
1149 2097 1319 2176 promotus
1331 2103 1488 2156 LifeofEd-

269 2196 319 2256 est
342 2193 378 2256 in
399 2191 623 2279 praesulatum.
671 2189 783 2275 Hujus
799 2197 912 2256 autem
928 2191 1175 2271 assertionibus,
1191 2213 1319 2258 necnon
1331 2173 1488 2288 Idaeum?

268 2298 303 2359 et
337 2293 488 2381 magistri
523 2293 662 2358 Roberti
686 2293 809 2373 Bacun,
834 2293 949 2359 fratris
979 2294 1020 2358 de
1045 2292 1171 2360 Ordine
1195 2293 1318 2362 Praedi-
1331 2302 1481 2368 tumru-

268 2401 423 2473 oatorum,
447 2396 649 2461 certificatus
667 2394 771 2461 freter
802 2396 956 2462 Matheus
976 2395 1180 2475 Parisiensis,
1211 2396 1317 2463 vitam
1330 2371 1452 2487 ffifw

268 2495 440 2562 memorati
474 2496 708 2584 archiepiscopi
740 2498 880 2584 scripsit,
914 2502 949 2566 et
982 2518 1057 2583 quae
1091 2521 1111 2563 a
1143 2496 1319 2584 fidediguis
1331 2503 1411 2554 Paris.

269 2597 393 2673 didicit,
416 2597 594 2685 diligenter
616 2598 760 2684 digessit.

338 2867 559 2955 Ooqrtrmotio
584 2866 1005 3038 libertoppslplraaecoaocssoe
1032 2869 1174 2938 coelem
1195 2870 1236 2938 de

732 2978 781 3036 at
827 2991 871 3036 m.

313 3117 413 3180 Anno
436 3137 566 3202 quoque
588 3116 650 3181 sub
673 3117 796 3194 eodem,
818 3116 975 3183 videlicet
999 3120 1042 3183 ad
1065 3117 1198 3196 Paschs,
1213 3120 1316 3184 domi·
1330 3128 1487 3192 Henryson-

267 3240 331 3283 nus
353 3240 414 3283 rex
445 3219 605 3284 concessit
626 3223 662 3283 et
684 3219 894 3284 confirmavit
930 3220 1044 3285 abbati
1072 3225 1107 3285 et
1141 3194 1454 3325 conventuigffissss

210 3342 219 3362 ·
266 3321 308 3386 de
332 3320 522 3399 Wauthem‚
554 3325 654 3406 prout
688 3321 736 3385 eis
766 3320 876 3386 fuerat
919 3322 1011 3409 prius
1046 3344 1244 3400 concessum,
1279 3328 1319 3388 ut
1396 3327 1475 3377 teon

266 3422 558 3509 quotienscumque
581 3424 715 3488 domum
738 3444 851 3487 eorum
874 3446 995 3490 vacare
1030 3425 1218 3511 contigerit,
1243 3446 1319 3488 con·
1332 3393 1460 3524 ,ὧν

266 3531 386 3591 ventus
408 3525 510 3591 libere
532 3525 620 3590 bona
642 3526 759 3590 domus
781 3526 947 3612 disponat,
974 3531 1007 3594 et
1031 3528 1162 3613 plenam
1196 3527 1320 3592 habeat

267 3632 336 3692 tem
358 3629 400 3693 de
422 3628 560 3693 baronia
583 3651 683 3714 quam
717 3629 758 3693 de
793 3631 1056 3715 possessionibus
1082 3630 1229 3716 ejusdem
1254 3630 1319 3695 dis-

267 3730 408 3816 ponendi
443 3730 642 3796 facultatem.
699 3730 775 3796 Duo
810 3732 945 3818 insuper
979 3737 1124 3798 mercata
1158 3733 1319 3798 concessit

267 3830 397 3907 eisdem,
425 3835 460 3894 et
493 3833 644 3916 quaedam
681 3832 747 3897 alia
780 3834 947 3920 impendit
980 3834 1149 3914 beneficia,
1172 3833 1319 3899 confecta

268 3953 365 4016 super
387 3932 448 3996 hoc
470 3939 561 3998 carta
584 3933 793 4020 praeoptatae

304 4224 310 4255 ¹
324 4225 354 4272 lu
367 4224 409 4272 the
420 4224 518 4287 margin
528 4240 569 4273 are
578 4214 769 4277 drawuasmall
819 4229 928 4278 chartens
946 4239 971 4279 to
981 4230 1023 4279 the
1040 4231 1141 4279 “Liber
1153 4231 1320 4281 Additamen-

270 4303 343 4353 mitre
355 4304 405 4352 sud
415 4303 518 4362 crosier,
530 4307 651 4355 reversed.
821 4309 928 4366 torum,”
946 4310 990 4356 but
1007 4309 1064 4371 they
1082 4325 1124 4358 ure
1135 4316 1180 4358 not
1199 4310 1276 4360 found
1292 4311 1319 4359 iu

303 4381 313 4412 “·’
331 4383 362 4430 In
371 4382 534 4433 B.resersuee
543 4382 565 4433 is
574 4385 647 4434 made
655 4385 693 4434 for
701 4386 771 4436 these
822 4385 878 4435 MS.
892 4386 956 4436 cort
968 4386 1037 4437 Nero
1047 4388 1079 4436 D.
1091 4389 1112 4437 1.
