3278 5610
417 764 460 826 82
540 773 705 824 namursi
730 769 939 820 rrmsrrssrs
961 766 1124 818 msrosra
1146 766 1346 817 moronus.

249 968 318 1020 Ar).
333 955 517 1019 lassantes
548 947 688 1033 injurias
721 946 901 1023 tolerasset,
934 941 1084 1007 exercitu
1115 962 1175 1005 suo
1208 941 1317 1026 ipsum
1354 959 1468 1004 conse-

417 1057 548 1138 quente.
598 1050 643 1115 Et
677 1049 723 1113 sic
754 1048 881 1113 divisus
902 1050 954 1111 est
980 1041 1168 1110 exercitus¹
1192 1041 1403 1108 Christianus
1431 1042 1469 1105 in

416 1155 526 1241 plures
547 1157 667 1240 partes,
690 1157 724 1216 et
755 1150 829 1215 ideo
862 1148 963 1214 nimis
994 1150 1195 1226 enervatus3
1224 1167 1346 1232 magna
1378 1144 1467 1209 enim

418 1278 493 1344 pars
514 1255 675 1321 remansit
696 1253 740 1318 ad
773 1252 908 1317 classem
941 1249 1110 1330 tuendam,
1134 1255 1169 1314 et
1196 1247 1301 1333 major
1330 1247 1374 1313 ad
1396 1268 1468 1312 cus·

417 1359 543 1424 todism
564 1356 720 1437 civitatis,
742 1362 783 1421 ut
804 1358 1016 1441 praenotatur.

419 1624 601 1712 Galsa-idus
624 1623 665 1689 da
684 1621 875 1708 Loapslsia
898 1620 1005 1701 colles,
1022 1619 1227 1689 constitutus
1244 1618 1467 1705 justiciarius

538 1727 578 1793 ds
592 1725 730 1812 foresto,
748 1723 936 1811 maiam
958 1721 1137 1811 ariqairit²
1159 1721 1347 1809 infinitam.

251 1902 407 1967 wgesums
463 1887 535 1953 Sub
557 1887 681 1953 eisdem
704 1887 815 1972 itaque
837 1886 1043 1973 temporibus
1065 1885 1201 1970 quidam
1223 1885 1326 1962 miles,
1342 1883 1467 1948 domiui

251 1968 505 2085 melorregis
542 1989 687 2054 ballivus
724 1995 759 2054 et
796 1990 838 2054 de
875 1988 997 2054 foresta
1036 1988 1250 2073 justiciarius,
1288 1986 1467 2072 inquisitor

250 2100 295 2151 the
305 2102 391 2167 kingts
418 2096 668 2179 argumentosus
682 2090 783 2156 nimis
804 2090 1100 2177 transgressionum
1115 2090 1278 2154 factarum
1292 2088 1330 2153 in
1344 2088 1466 2167 eadem,

249 2168 407 2366 ffilf'd‘
418 2195 551 2384 spongmplne
585 2192 761 2361 Gffldus
793 2191 1047 2360 cognompptot
1063 2191 1104 2258 dc
1138 2192 1467 2360 Langeleiaadplures

347 2317 386 2368 er·
522 2319 552 2362 ae
755 2317 793 2360 ra
874 2317 899 2373 s,
966 2317 1074 2360 eom
1149 2316 1289 2372 cumam,
1385 2315 1468 2359 ons

417 2401 513 2486 regis,
535 2317 924 2485 deplorastigOprle‘rdbue
947 2399 984 2462 in
1005 2317 1156 2484 partiblbes
1172 2396 1305 2483 Angliae
1326 2316 1466 2460 borelli-

416 2502 489 2579 bus‚
502 2501 650 2565 intendit
665 2498 926 2586 adquirendam,⁴
940 2505 979 2563 ut
994 2501 1165 2585 quantitas
1179 2498 1327 2565 thesauri
1338 2497 1465 2562 collecti

417 2604 517 2668 fidem
540 2604 577 2667 in
599 2600 786 2668 auditorum
819 2602 973 2667 cordibus
1004 2602 1184 2680 excederet,
1209 2601 1265 2668 vel
1295 2606 1463 2687 stuporem

416 2710 596 2792 generarat
641 2705 804 2790 Respecto
835 2709 948 2769 autem
970 2704 1068 2788 hujus
1098 2703 1240 2790 quilibet
1269 2701 1464 2789 praecedens,

416 2807 581 2872 Robertus
602 2807 704 2871 etiam
734 2805 938 2886 Passeleuue,
969 2806 1137 2893 piissimus
1163 2805 1365 2871 censebatur.
1423 2803 1466 2868 In

415 2908 732 2996 transgressionibus
754 2908 843 2973 enim
874 2908 1057 2995 compertis,
1080 2908 1158 2974 licet
1186 2907 1340 2985 minimis,
1363 2927 1466 2994 poena

416 3012 520 3099 culpae
543 3011 679 3076 minime
701 3009 810 3075 valuit
831 3009 1048 3098 respondere.⁶

551 3288 764 3375 rramsretat
784 3289 1059 3377 orchiapiscopas
1081 3291 1327 3378 B[oasfacics].

246 3448 370 3516 merop.
461 3434 621 3525 Tempore
645 3461 775 3524 quoque
798 3439 860 3503 sub
890 3439 1005 3504 codem
1031 3439 1293 3527 archiepiscopus
1316 3440 1464 3507 Cantus-

244 3516 387 3649 bbfyazoteel
415 3536 533 3603 fi⁶¹²⁸i³
557 3537 793 3625 B[0nesscius]‚
820 3541 1023 3627 comperiens
1054 3542 1144 3628 quod
1176 3542 1318 3608 decanus
1350 3542 1465 3608 Sancti

247 3649 372 3701 corrone.
416 3637 522 3719 Pauli,
562 3642 860 3707 concomitantibus
902 3642 1098 3729 quibusdam
1138 3642 1284 3729 ejusdem
1322 3644 1471 3710 ecclesiae.

416 3741 588 3819 canonicis,
609 3749 643 3808 et
666 3765 789 3824 eorum,
813 3766 895 3830 quos
919 3744 1057 3825 laeserat,
1079 3744 1368 3833 procuratoribus,⁶
1389 3767 1466 3812 con·

415 3842 488 3909 silio
522 3843 715 3931 legistarum
752 3845 927 3924 animatus
962 3853 997 3913 et
1034 3849 1134 3936 regiis
1166 3849 1271 3913 literis
1308 3855 1464 3929 armatus,

415 3967 542 4011 necnon
565 3952 600 4012 et
622 3947 751 4034 generis
773 3949 825 4014 sui
848 3951 1008 4036 potentiae
1030 3952 1180 4030 confisus,
1197 3951 1321 4016 curiam
1345 3951 1465 4016 Roma·

448 4180 606 4250 ¹erercirus]
660 4184 808 4246 excercitus,
859 4186 915 4239 MS.
995 4187 1100 4238 ⁵From
1112 4188 1155 4239 the
1166 4189 1249 4238 words
1260 4197 1288 4237 st
1298 4191 1462 4254 quantilastc

415 4259 581 4326 throughout.
963 4267 1112 4332 respondere,
1132 4268 1176 4318 the
1195 4275 1250 4318 text
1269 4269 1292 4318 is
1311 4270 1416 4319 marked
1436 4269 1464 4319 in

447 4355 457 4386 2
474 4356 596 4424 adquirit]
617 4359 658 4410 0¹1
670 4373 703 4408 a„
715 4373 822 4410 emm
962 4346 1006 4396 the
1033 4346 1131 4412 margin
1154 4348 1195 4397 sor
1216 4348 1337 4397 omission
1359 4350 1395 4414 by
1417 4348 1464 4398 the

447 4463 457 4492 ³
964 4426 1032 4475 word
1043 4427 1168 4485 “cacat''
1180 4428 1205 4475 in
1218 4429 1263 4477 red
1274 4428 1368 4478 letters.

474 4468 635 4533 coquomearo]
655 4475 850 4535 congncmento,
859 4468 916 4520 MS.
939 4526 942 4559 Ι
996 4504 1099 4556 ,some
1111 4509 1193 4557 word,
1204 4522 1298 4571 appear
1308 4515 1335 4557 to
1354 4509 1387 4558 be
1403 4508 1464 4558 hm

447 4573 457 4603 ⁴
476 4576 639 4638 inpscuairrm
657 4618 662 4627 .
683 4618 688 4630 .
707 4581 915 4646 adquirendam]
939 4570 942 4685 ι
963 4586 1083 4650 wanting,
1097 4587 1142 4635 but
1153 4585 1183 4636 B.
1192 4586 1220 4636 C.
1239 4602 1315 4651 agree
1336 4586 1398 4636 with
1419 4585 1464 4638 the

415 4652 458 4703 On
470 4668 503 4702 an
515 4669 622 4706 erasme.
941 4714 943 4723 ‚
965 4669 1024 4712 text.
