3278 5610
355 798 395 861 18
472 809 637 861 ushrami
659 766 869 863 asarsmrsrs
891 808 1055 861 merosus
1077 808 1276 860 suonoauu

186 994 257 1047 Μ).
270 981 557 1069 rasainaognitaa¹
590 983 709 1070 Anglis
745 1003 865 1070 genere
903 986 938 1047 et
974 983 1044 1048 loeo
1081 982 1225 1047 nationis
1261 979 1396 1068 puellae,

187 1074 331 1153 'idme
353 1084 518 1151 nobilibus
549 1085 689 1172 Angliae,
712 1106 793 1172 quos
826 1085 862 1149 in
893 1083 1043 1150 custodia
1075 1105 1135 1150 sua
1164 1083 1316 1150 dominus
1337 1102 1398 1148 rex

188 1140 298 1265 anitii?
354 1184 575 1268 educaverat,8
596 1187 738 1254 adduxit
758 1186 967 1252 maritandas.
1013 1185 1110 1266 Quod
1132 1187 1247 1251 multis
1266 1184 1398 1272 Angliat

353 1290 556 1357 naturalibus
588 1295 623 1356 et
655 1289 834 1377 indigenis,
873 1289 931 1375 qui
962 1310 998 1355 se
1032 1294 1158 1376 spretos
1191 1292 1398 1367 censuerunt,

353 1393 527 1459 molestum
548 1392 734 1474 videbatur,
758 1397 794 1458 et
815 1390 1005 1458 absurdum.

419 1684 613 1753 aarum
633 1683 703 1750 aa>
718 1683 846 1851 saepo
868 1684 919 1854 aaz
932 1683 1062 1753 oratu
1084 1682 1265 1751 numan
1285 1682 1330 1749 aa

819 1808 866 1872 up
918 1807 963 1854 m.

187 1956 314 2035 ΤπρΜῑ·
398 1938 494 2008 Oiraa
515 1940 626 2008 eadem
651 1948 801 2032 tempora
826 1944 892 2010 duo
922 1944 1041 2011 fratres
1076 1944 1117 2009 de
1141 1941 1266 2008 Ordine
1289 1938 1400 2006 Mino·

187 2027 335 2142 fflffl‘
352 2062 437 2124 rum,
460 2040 615 2111 videlieet
638 2045 740 2112 frater
762 2046 942 2126 Johannes,
966 2046 1006 2112 de
1032 2045 1155 2112 Canaia
1176 2044 1342 2121 oriundus,
1365 2046 1400 2107 et

186 2156 309 2207 sentino
352 2142 583 2233 A[lexander],
606 2146 647 2212 de
669 2153 832 2235 praecepto
854 2148 981 2214 domini
1002 2170 1104 2235 papae,
1119 2150 1259 2236 urgente
1274 2145 1400 2211 virtute

186 2223 305 2354 ffissnd
353 2246 558 2328 obedientiae,
574 2249 617 2314 ad
633 2251 803 2337 negotium
818 2272 914 2316 suum
938 2251 978 2316 de
1000 2250 1218 2316 subventione
1233 2247 1401 2336 pecuniari

185 2365 298 2421 wasto
353 2347 482 2431 eidem?
513 2374 534 2415 a
565 2351 697 2417 domino
729 2374 816 2440 papa
847 2348 1104 2440 [potestatem]¹¹
1129 2352 1326 2439 optinentes,
1357 2347 1401 2415 ad

185 2422 285 2556 iffi·
353 2473 435 2539 opus
457 2450 602 2537 ejusdem
626 2453 836 2520 destinantur
867 2454 904 2519 in
933 2454 1095 2542 Angliam.
1143 2453 1210 2534 Qui
1232 2454 1275 2518 ad
1297 2451 1401 2518 domi-

352 2576 433 2619 num
456 2575 566 2641 regem
588 2555 694 2641 primo
717 2556 865 2644 profecti,
888 2556 1059 2622 humiliter
1085 2578 1144 2644 per
1165 2577 1305 2643 regnum
1327 2575 1400 2642 per-

352 2654 451 2743 gendi
473 2654 639 2722 licentiam
661 2658 885 2745 postulabant,
917 2660 1081 2724 auxilium
1104 2661 1148 2724 ad
1170 2680 1251 2745 opus
1274 2654 1401 2723 domini

352 2779 446 2845 papae
469 2756 646 2824 caritative
675 2759 824 2847 petituri,
854 2758 979 2826 nullam
1012 2784 1046 2826 se
1080 2758 1302 2827 coertionem⁵
1335 2759 1400 2824 fao-
1502 2840 1505 2844 ¹

352 2864 445 2926 turos
467 2865 657 2926 asserentes.
704 2862 758 2926 Ex
788 2862 923 2928 lieentia
957 2862 1061 2950 igitur
1094 2862 1221 2929 domini
1253 2860 1340 2949 regis
1367 2864 1400 2926 et

351 2962 576 3029 benivolentia
597 2962 735 3049 profecti
758 2971 839 3028 sunt
861 2965 979 3031 fratres
1009 2962 1190 3043 memorati,
1227 2970 1270 3045 et,
1301 2970 1400 3050 prout

351 3066 398 3129 eis
431 3064 620 3151 injunctum
654 3088 675 3129 a
710 3086 839 3130 summo
877 3067 1031 3153 pontifice
1065 3068 1183 3148 fuerat,
1222 3067 1400 3153 diligenter

350 3167 577 3253 exequebatur
592 3167 732 3233 officium
755 3191 793 3234 ao
816 3169 966 3237 fideliter.
1006 3171 1052 3235 Et
1075 3194 1150 3237 cum
1173 3170 1217 3236 ad
1240 3169 1399 3236 Senatum

350 3268 518 3335 Albanum
553 3268 789 3356 pervenissent,
829 3272 976 3338 modeste
1014 3272 1194 3360 exigebant
1237 3268 1399 3336 auxilium

351 3371 484 3437 domino
515 3394 609 3459 papae
643 3372 801 3451 exhiberi,
835 3379 1016 3440 asserentes
1049 3375 1111 3440 hoo
1141 3375 1309 3449 monachis
1331 3373 1400 3438 fore

352 3474 536 3561 expediens,
559 3473 668 3540 uteie
691 3476 915 3562 episcoporum
939 3477 1106 3564 oppressio
1135 3475 1319 3543 vitaretur.⁰

387 3734 394 3765 ¹
413 3734 562 3800 inaequitas]
581 3735 749 3801 inaongnitas,
760 3736 817 3789 ΜΒ.
895 3738 1030 3801 Minorem,
1042 3738 1170 3790 Johannee
1189 3738 1397 3797 adiecturum

385 3812 396 3845 ²
411 3813 573 3878 educaverat]
592 3815 781 3875 ednaaeaverat,
794 3814 850 3867 MS.
896 3821 949 3884 ipso
957 3818 1106 3880 Alexander,
1115 3821 1213 3869 natione
1222 3816 1323 3884 Anates·
1333 3853 1340 3868 .
1352 3853 1359 3868 .
1371 3853 1378 3866 .
1391 3853 1397 3866 .

384 3896 395 3927 ³
414 3894 755 3963 corumdem....eidem]
769 3898 851 3949 These
894 3900 1021 3965 nearlyas
1043 3899 1072 3948 in
1089 3899 1118 3950 C.
1132 3901 1183 3963 (ed.
1196 3899 1312 3965 Wats,p.
1327 3897 1397 3959 722).

351 3975 422 4038 lines,
441 3975 557 4041 together
574 3975 637 4026 with
650 3976 692 4026 the
703 3977 797 4038 rubrio,
809 3993 851 4028 are
896 3977 928 4027 In
939 3978 969 4028 B.
980 3977 1031 4028 this
1042 3979 1145 4043 chapter
1156 3979 1201 4028 has
1218 3979 1282 4028 been
1301 3975 1396 4036 erased,

351 4057 451 4108 vriuen
463 4071 498 4106 on
509 4071 525 4106 a
535 4056 607 4120 pieoe
618 4055 646 4106 oi
661 4055 755 4106 vellum
765 4059 853 4121 pasted
897 4059 947 4107 and
958 4058 1137 4123 subsequently
1148 4057 1248 4109 written
1265 4069 1327 4108 ovar
1337 4056 1399 4122 bys

351 4152 411 4187 over
430 4136 473 4188 the
496 4135 605 4202 original
627 4142 690 4197 text,
718 4135 803 4186 which
829 4137 853 4186 is
897 4135 966 4185 hand
987 4136 1017 4186 of
1035 4135 1078 4187 the
1101 4136 1161 4188 ltth
1181 4144 1286 4201 oentury
1307 4135 1349 4198 (as
1371 4132 1398 4182 in

350 4216 433 4281 partly
444 4217 539 4279 erased,
550 4218 597 4267 bnt
607 4218 680 4267 reads
691 4230 720 4266 as
737 4216 851 4268 follows:
897 4230 966 4267 some
977 4215 1048 4266 other
1058 4216 1205 4282 instantes).

931 4294 941 4326 ⁴
954 4296 1112 4361 potestatem]
1133 4295 1254 4361 Supplied
1266 4296 1332 4346 from
1344 4296 1373 4348 C.

931 4373 942 4404 ⁵
958 4376 1113 4441 ambonem]
1133 4375 1318 4439 aoheroionem,
1329 4375 1386 4427 ΜΒ.

932 4452 1153 4504 ⁶etbenioolentia
1170 4492 1177 4505 .
1194 4492 1200 4506 .
1219 4491 1225 4506 .
1243 4492 1250 4506 .
1265 4454 1395 4520 nitantur]

390 4529 450 4581 Cam
479 4547 533 4580 aero
565 4532 670 4595 sertum
699 4533 854 4597 praetiqs'osa
899 4533 1009 4583 Written
1032 4549 1094 4584 over
1115 4549 1148 4583 an
1171 4548 1278 4585 erasure.
1324 4535 1398 4587 Some

353 4608 532 4660 mundantibus
538 4609 643 4661 adarim
651 4611 724 4675 [read
731 4610 851 4676 illuderet]
899 4613 981 4661 words
991 4612 1019 4661 in
1031 4612 1073 4663 the
1084 4613 1182 4677 margin
1193 4613 1259 4664 hare
1270 4615 1323 4664 also
1333 4615 1397 4664 been

353 4688 533 4751 mutationibus,
548 4689 594 4739 duo
603 4691 703 4754 fratres
719 4691 749 4739 de
762 4690 854 4742 Ordine
898 4692 991 4741 erased.

352 4331 412 4382 Duo
420 4334 520 4398 frutra
539 4330 652 4383 Minores
678 4334 805 4383 mittuntur
827 4334 853 4382 in

426 4411 541 4478 Anatim
551 4429 569 4463 a
579 4414 693 4465 Rouana
704 4416 782 4465 curia.
