3278 5610
371 793 419 843 nu
440 793 609 844 rnuroaa
631 793 733 843 naurs
756 795 910 857 namurci,
933 795 999 845 vrz.
1022 794 1148 845 rursu.
1219 783 1282 846 103

223 979 316 1044 milia
339 982 374 1043 et
397 977 548 1065 amplius,
564 977 711 1064 exeeptis
737 977 921 1056 submersis,
940 978 1100 1065 fugitivis,
1117 978 1278 1066 dispersis,
1291 973 1363 1030 ΑΒ·
1377 982 1449 1030 ¹2⁵1·

221 1086 257 1147 et
288 1081 335 1146 eis
358 1080 416 1167 qui
439 1102 473 1146 se
495 1079 587 1144 ultro
610 1079 762 1145 hostibus
784 1081 1010 1162 reddidenmt,
1034 1082 1181 1168 quisito
1204 1088 1278 1169 post

221 1187 462 1270 apostatarunt,
484 1186 519 1248 et
541 1182 616 1268 plus
638 1182 712 1246 aliis
734 1182 940 1248 noeuerunt.¹

544 1466 690 1531 Summo
709 1462 962 1548 rederupta'oais.

264 1622 402 1688 Summa
438 1622 675 1709 redemptionis
713 1620 799 1707 regis
835 1619 1044 1696 Francorum,
1076 1620 1171 1706 quasi
1204 1620 1275 1685 Deo

218 1724 313 1801 irato,
344 1747 411 1788 non
445 1725 589 1790 multum
624 1723 762 1788 dissidet
795 1746 816 1787 a
847 1744 985 1787 numero
1016 1724 1273 1801 interfectorum,

218 1826 343 1892 scilieet
365 1827 540 1914 sexaginta
562 1826 654 1890 milia
680 1826 841 1890 librarum
871 1825 944 1888 auri
978 1825 1077 1910 primi
1100 1829 1135 1889 et
1169 1826 1274 1911 puris-

217 1928 301 2006 simi,
324 1930 471 2014 exeeptis
497 1927 571 1992 aliis
601 1928 746 1992 denariis
780 1926 1017 2006 communibus,
1041 1926 1167 1992 seilicet
1189 1932 1272 1992 ster-

217 2030 317 2116 lingis
351 2030 597 2095 Turonensibus
635 2036 669 2095 et
708 2029 957 2105 Parisiensibus‚
989 2030 1047 2114 qui
1079 2028 1123 2093 ad
1160 2029 1272 2095 infini-

217 2137 289 2196 tum
312 2153 486 2196 numerum
515 2131 705 2196 ascendunt.
752 2130 878 2197 Occisis
900 2130 1013 2195 evenit
1043 2153 1131 2195 anno
1153 2132 1272 2217 gratiae

217 2248 362 2300 uaccas.
409 2233 606 2319 Redemptio
629 2233 781 2319 sequenti
811 2254 907 2310 anno,
932 2233 1065 2310 scilieet,
1088 2247 1271 2313 u⁰.cc0.L1⁰.,

216 2342 267 2402 est
288 2337 406 2417 soluta,
429 2335 479 2402 ita
501 2335 665 2415 videlieet,
690 2336 778 2422 quod
800 2335 1007 2401 satisfactum
1029 2339 1080 2401 est
1102 2335 1188 2401 inde.

217 2614 371 2698 Qualiter
401 2638 459 2681 rea
493 2623 576 2681 taire
605 2614 792 2701 prohibuit,
832 2636 874 2680 ue
905 2612 1025 2679 Jadoei
1062 2612 1269 2681 resederim

362 2739 481 2782 curiles
498 2717 596 2802 ferio
618 2717 684 2795 vi‘,
708 2717 759 2782 vel
780 2716 824 2782 ia
848 2714 1123 2800 Quadrapatma

257 2873 417 2956 Tempore
441 2893 570 2957 quoque
593 2872 655 2937 sub
682 2873 806 2951 eodem,
831 2894 903 2936 oum
928 2873 1016 2938 idem
1039 2873 1193 2938 dominus
1209 2895 1267 2937 rex
1280 2886 1421 2942 'rheJewr

213 2973 423 3049 Francorum,
453 2973 544 3036 inter
573 2978 681 3037 uetera
714 2973 817 3058 proba
849 2996 924 3059 quae
955 2974 1126 3053 sustinuit,
1160 2956 1425 3070 repre-fflff'ffl

212 3074 402 3138 hensionem
433 3095 579 3138 amaram
613 3073 770 3149 audisset,
794 3095 836 3137 ex
870 3096 908 3139 eo
942 3073 1055 3159 quod²
1087 3075 1268 3141 Christiani
1279 3085 1385 3138 Frena.

210 3175 234 3240 J
237 3176 355 3255 udaeos,
379 3176 436 3262 qui
461 3174 628 3240 Christum
652 3175 901 3253 crucifixerunt,
918 3176 1009 3239 inter
1031 3198 1065 3239 se
1082 3179 1266 3241 conversari

210 3284 403 3364 paterentur
424 3300 500 3343 eum
522 3278 645 3342 eisdem
669 3278 771 3341 etiam
803 3277 1086 3353 communicando,
1110 3279 1269 3363 praeeepit

211 3382 234 3446 J
236 3382 348 3447 udaeos
371 3403 507 3468 arogno
522 3403 582 3446 suo
604 3380 867 3446 irrevocabiliter
890 3379 1035 3456 exulare,
1052 3386 1086 3444 et
1101 3401 1121 3442 a
1144 3380 1267 3445 finibus

211 3484 278 3547 suis
300 3484 446 3549 amoveri
470 3484 636 3548 remotius.
682 3482 749 3548 Sed
767 3482 845 3567 quia
861 3481 987 3546 dictum
1003 3481 1078 3557 fuit,
1094 3482 1183 3567 quod
1198 3504 1265 3547 non

210 3584 316 3669 placet
347 3585 490 3650 Domino
505 3620 509 3626 ·
524 3590 635 3649 nostro
666 3585 690 3649 J
692 3584 773 3649 hesu
808 3583 952 3660 Christe,
983 3589 1022 3648 ut
1054 3583 1190 3668 penitus
1224 3584 1265 3649 de

210 3686 272 3750 sub
295 3687 373 3752 eaelo
403 3686 584 3767 deleantur,
608 3687 665 3751 sed
695 3686 765 3751 sint
794 3687 831 3750 in
861 3685 997 3773 signum
1026 3685 1132 3750 instar
1156 3684 1262 3771 Caym

209 3976 235 4018 to
247 3968 289 4018 the
300 3975 353 4018 text
365 3967 429 4018 after
442 3968 483 4018 the
496 3969 578 4017 words
594 3967 710 4018 Orienta-
731 3993 734 4026 ι
757 3975 800 4017 ten
818 3971 844 4015 ln
857 3967 898 4016 the
915 3967 1022 4031 margin,
1036 3966 1099 4016 arith
1110 3981 1126 4016 a
1137 3965 1264 4017 reference

207 4047 241 4096 les
261 4049 377 4106 πηίυεηῐ,
397 4048 442 4096 but
465 4047 479 4095 1
498 4047 563 4097 have
583 4046 711 4110 preferred
756 4056 783 4097 to
802 4046 845 4096 the
862 4048 932 4095 word
954 4047 1094 4110 ylariumur,
1115 4046 1165 4095 and
1187 4045 1262 4095 aster·

207 4127 328 4190 inserting
345 4126 412 4175 them
433 4126 499 4175 here.
535 4127 566 4175 ln
578 4129 616 4175 ed
628 4127 710 4186 Wats,
758 4127 840 4175 warda
852 4127 945 4175 erased
966 4124 996 4172 In
1005 4125 1048 4174 the
1057 4123 1114 4173 MS.
1123 4123 1167 4173 the
1175 4124 1263 4173 autho-

207 4221 231 4269 p.
243 4211 301 4262 807,
314 4205 374 4268 they
386 4221 428 4254 are
439 4206 586 4254 introduoed
598 4205 651 4254 into
669 4206 710 4255 the
757 4205 808 4268 rity
830 4204 852 4252 is
877 4205 957 4253 added
983 4219 1016 4251 on
1035 4200 1118 4250 which
1137 4201 1198 4265 they
1218 4218 1262 4254 are

206 4293 261 4334 text
272 4283 363 4347 higher
374 4298 415 4345 up,
429 4283 511 4333 'here
528 4284 587 4347 they
599 4298 641 4332 are
658 4299 710 4333 cer-
731 4250 734 4326 l
756 4283 843 4347 giren,
861 4283 970 4346 namely,
993 4281 1160 4331 “Secundum
1184 4298 1262 4332 asser·

207 4362 288 4425 tainly
305 4372 350 4410 out
367 4362 398 4410 oi
416 4363 494 4425 για,
515 4364 565 4410 and
589 4362 631 4411 the
655 4363 709 4412 first
756 4362 849 4411 tionem
862 4361 977 4424 Magistri
991 4360 1092 4423 Templi
1108 4360 1135 4408 in
1147 4359 1262 4422 Seocia,”

207 4457 241 4489 no
257 4442 336 4490 amre
347 4442 423 4491 reim
436 4454 462 4491 to
474 4441 517 4490 the
529 4442 611 4490 deleat
624 4441 654 4490 of
666 4442 710 4491 the
731 4474 734 4527 p
756 4443 801 4490 but
813 4441 863 4489 this
875 4440 896 4487 is
907 4441 1012 4490 omitted
1024 4440 1052 4488 in
1064 4440 1096 4489 B.

207 4520 308 4570 French
330 4521 356 4569 in
382 4526 454 4571 lm
489 4522 537 4571 See
553 4529 617 4580 unu,
632 4537 656 4584 p.
669 4528 709 4571 84.
730 4534 734 4591 p
790 4519 963 4584 ¹nocuerunt]
995 4527 1134 4571 nocuerunt
1156 4520 1262 4573 Christi·

208 4601 234 4649 A
252 4599 353 4663 pontes
371 4600 400 4648 ot
418 4600 460 4648 rte
482 4601 573 4651 marruci
591 4599 620 4649 of
642 4600 710 4650 these
730 4596 734 4613 ’
756 4600 823 4659 anis,
837 4600 868 4648 B.

207 4679 322 4744 chapten
343 4679 389 4730 har
407 4681 467 4731 ima
485 4680 622 4745 originally
641 4681 709 4730 urit·
792 4679 978 4744 ³excoqaod]
1000 4678 1204 4731 Onanerasure.
