3278 5610
348 764 396 813 nr
416 764 576 816 rnurorur
598 767 700 818 unere
723 768 880 834 navarri,
904 769 971 819 vrz.
994 769 1118 820 raarrr.
1192 758 1257 826 127

205 936 358 1006 redditus
387 941 618 1010 ecclaasticos
649 943 694 1008 ab
726 943 907 1009 abbatibus
939 945 1081 1009 maxime
1117 947 1150 1008 et
1183 939 1339 1005 reli-an.
1354 950 1426 996 1252.

205 1040 307 1129 glosis
327 1040 410 1121 ahie,
432 1042 482 1110 ita
514 1049 555 1111 ut
586 1044 644 1132 qui
677 1068 787 1113 macer
810 1051 956 1126 venerat,
979 1068 1083 1134 parvo
1108 1049 1256 1131 tempore
1271 1012 1427 1129 {gh‘gffi

207 1143 415 1213 abundavit¹
437 1146 620 1235 saginatus·
1272 1145 1414 1264 iilfdiiu

1273 1279 1323 1330 aud
1333 1279 1432 1347 clergy.

379 1371 589 1441 Mortdotum
613 1371 767 1442 Ooaradi
789 1371 906 1442 comiti
927 1372 1088 1443 Ricardo.

251 1488 394 1574 Interim
416 1508 594 1590 Conradus,
619 1509 718 1597 hujus
740 1509 790 1576 rei
812 1531 880 1576 non
902 1510 1048 1597 ignarus,
1070 1506 1258 1574 literatorie
1273 1516 1422 1585 Thempe-

207 1609 320 1676 eomiti
343 1611 485 1678 Ricardo
515 1612 726 1699 significavit,
751 1635 793 1678 ne
825 1613 1035 1698 permitteret
1067 1633 1102 1677 se
1132 1610 1259 1675 fallaci·
1272 1584 1427 1704 ffiffl‘l

208 1710 269 1777 bus
305 1713 474 1800 promissis
506 1736 601 1801 papae
632 1714 687 1779 vel
718 1714 887 1801 papalium
920 1712 1165 1791 circumveniri,
1200 1711 1260 1797 qui
1272 1718 1324 1794 earl

208 1813 283 1901 Plut
319 1816 467 1902 pecunia
503 1837 571 1882 suae
609 1838 710 1902 quam
746 1816 865 1881 honori
900 1816 1086 1894 inhiabant,
1125 1836 1186 1880 nec
1225 1835 1259 1879 se
1272 1783 1424 1901 ffifflst,

207 1916 368 2002 periculis,
406 1915 669 2004 sterlingorum²
706 1917 847 1983 confisus
890 1917 1107 1984 multitudini
1171 1916 1259 1997 Quia
1272 1916 1370 1981 ingthe

206 2018 281 2105 plus
317 2018 504 2084 abundavit
540 2019 609 2105 ipse
648 2018 818 2085 Conradua
855 2019 974 2099 aureis,
1009 2039 1110 2105 quarn
1150 2039 1259 2084 comes
1272 1998 1344 2048 pope.

206 2120 380 2207 argenteis,
403 2120 549 2200 materia,
573 2142 710 2188 numero
733 2126 768 2187 et
790 2122 934 2208 pondere
957 2119 1258 2208 praestantioribus,

208 2226 243 2287 ct
264 2221 370 2287 colore
393 2222 592 2289 rubicundis
638 2222 869 2311 Dicebautque
903 2223 1016 2290 comiti
1050 2220 1147 2288 amici
1181 2221 1259 2308 ejus,

209 2323 297 2410 quod
319 2345 377 2391 aer
397 2329 433 2391 et
454 2325 578 2391 cibaria
611 2326 706 2391 nobis
738 2325 1007 2392 Occidentalibus
1030 2331 1110 2391 eunt
1132 2323 1261 2390 insoliti

208 2429 244 2492 et
264 2426 395 2508 nocivi3
416 2427 533 2494 incolae
556 2433 667 2494 autem
690 2428 841 2514 suspecti,
858 2428 982 2514 poculis
1005 2432 1138 2493 utentes
1161 2448 1261 2492 vene-

208 2528 305 2608 natis,
337 2529 458 2615 quihus
489 2529 593 2594 Siculi
624 2534 658 2595 et
690 2530 794 2615 Apuli
828 2533 908 2595 suut
941 2527 1102 2596 infames.³
1159 2527 1259 2593 Unde

209 2652 263 2698 eor
284 2631 415 2697 comitis
437 2630 570 2719 penitus
602 2631 733 2696 abillis
757 2636 806 2696 est
829 2653 992 2697 aversum.
1038 2630 1125 2697 Cum
1147 2637 1260 2696 autem
1275 2630 1405 2720 Thepope

208 2734 366 2820 praediota
380 2756 475 2821 papae
490 2733 736 2812 nunciarentur,
751 2754 930 2821 corrugatis
952 2755 1048 2799 nares
1071 2735 1130 2816 ait,
1146 2742 1163 2769 ‘⁶
1173 2732 1260 2800 Nolo
1275 2722 1407 2840 {ffioew

211 2834 319 2922 ipsum
353 2836 507 2902 comitem
540 2836 733 2901 thesaurum
764 2859 875 2902 meum
906 2837 1099 2923 exponendo
1133 2836 1262 2923 juvare,
1275 2870 1376 2923 money.

212 2958 271 3004 neo
293 2938 330 3002 in
352 2938 463 3024 aliquo
497 2938 538 3003 de
561 2937 767 3024 praemissis.’'
812 2939 857 3002 Et
892 2939 939 3002 sic
973 2939 1131 3004 remansit
1154 2960 1261 3004 comes

211 3039 406 3128 indempnis
451 3041 609 3107 Albertus
641 3062 730 3120 vero,
761 3040 877 3105 multis
911 3040 1039 3104 ditatus
1073 3040 1262 3107 redditibus
1276 3058 1431 3120 libertae

212 3146 248 3209 et
284 3141 415 3208 refertis
453 3140 679 3209 numismate⁴
716 3140 856 3218 clitellis,
888 3142 1028 3207 recessit.
1091 3142 1262 3230 Cogitavit
1275 3126 1407 3256 &¹1¹3

212 3249 325 3311 autem
346 3250 471 3311 extunc
492 3267 579 3332 papa
602 3244 727 3311 domini
748 3243 834 3329 regis
857 3242 1103 3328 simplicitatem
1127 3244 1264 3308 circum·
1276 3228 1347 3307 turni
1357 3258 1421 3310 with

119 3396 130 3419 .
213 3348 334 3427 venire,
359 3369 434 3413 cum
465 3369 533 3414 non
563 3352 696 3434 poterat
718 3345 873 3411 comitem
898 3344 1168 3430 circumspectum
1191 3323 1425 3454 illa-{Quat

214 3470 342 3536 queare.
387 3449 430 3514 In
453 3450 579 3515 octavis
601 3455 713 3514 autem
735 3447 840 3513 sancti
872 3445 1011 3510 Martini
1043 3445 1205 3532 applicuit
1226 3449 1263 3513 in
1300 3468 1409 3523 iguo„

213 3551 338 3638 Anglia
368 3551 627 3638 archiepiscopus
657 3550 904 3616 (lantuariensis
939 3547 1175 3635 B[onesaoius],
1206 3551 1263 3616 ad-
1275 3534 1422 3654 gfff

213 3657 335 3719 ventus
364 3654 457 3739 cujus
487 3654 646 3739 quosdam
675 3651 870 3728 laetificavit,
893 3651 1053 3736 quosdam
1083 3674 1161 3717 vero
1191 3674 1263 3738 per·
1276 3642 1426 3736 aehbirhip

214 3754 374 3820 turbavit.
429 3754 558 3840 Quippe
574 3753 653 3839 quia
675 3754 704 3818 si
726 3758 915 3817 sanctorum
939 3752 1007 3817 sit⁵
1030 3776 1168 3839 sequens
1190 3776 1262 3819 ves·
1276 3734 1418 3865 ζξξῗζξῐ·

214 3856 299 3943 tigiu
336 3854 610 3942 praedecessorum
655 3876 798 3932 suorum,
837 3852 893 3919 et6
930 3854 1124 3920 credebatur
1160 3856 1263 3923 malos
1276 3866 1400 3932 Englanu

214 3958 383 4045 corripere,
407 3957 510 4023 bonos
532 3978 610 4023 vero
632 3962 830 4021 veneranter
852 3954 1042 4022 confovere⁷

248 4176 431 4243 ¹uhunduuit]
462 4175 627 4235 habundavit,
652 4174 719 4237 MS„
761 4175 844 4226 These
872 4174 937 4226 lines
960 4189 1002 4226 are
1024 4175 1125 4225 written
1147 4190 1209 4228 over
1231 4194 1264 4227 au

215 4258 304 4309 andro
315 4257 405 4307 helov.
761 4269 861 4304 erasure
877 4254 966 4319 hythe
981 4260 1173 4321 contemporary
1192 4257 1263 4307 haud

248 4335 258 4367 ²
274 4333 456 4399 sterlingorum]
476 4334 643 4397 sterligorum,
654 4332 711 4383 MS.
761 4332 845 4382 which
856 4334 915 4382 here
926 4333 981 4381 first
991 4348 1103 4397 appears,
1115 4336 1166 4384 and
1177 4336 1261 4386 which

248 4413 393 4479 ³insamea]
413 4413 537 4472 immines,
549 4411 605 4460 MS.
760 4411 807 4461 has
826 4411 962 4461 continued
980 4411 1022 4461 the
1042 4412 1150 4479 History
1172 4422 1198 4464 at
1218 4415 1262 4465 sol.

248 4491 702 4558 ⁴nron1'emate]nummis1uate‚MS.
764 4489 840 4539 1541).
875 4490 930 4540 The
946 4505 1053 4556 passage
1080 4507 1108 4542 aa
1124 4494 1261 4560 originally

248 4573 318 4638 ὅπίε]
339 4571 485 4623 interlined.
762 4569 868 4630 written,
884 4585 944 4634 may
960 4571 992 4621 he
1015 4572 1177 4636 conjectured
1198 4576 1263 4626 from

248 4653 259 4687 ⁸
276 4652 313 4718 et]
333 4652 419 4702 Seems
431 4659 457 4702 to
468 4654 500 4701 he
511 4649 673 4714 superfluous.
761 4649 803 4698 the
815 4658 868 4698 text
880 4650 911 4700 of
918 4650 948 4700 Β.
961 4654 1011 4701 and
1023 4654 1062 4702 ed.
1076 4654 1156 4711 Wuts.
1169 4670 1192 4717 p.
1206 4659 1263 4706 857.

249 4732 381 4797 lquordam
392 4730 526 4793 loetifieuvr't
538 4766 544 4780 .
556 4767 563 4781 .
575 4729 717 4794 conserere]
