3278 5610
376 781 620 847 leoninum
641 791 856 847 stammam
878 794 1111 848 casamento
1135 796 1396 849 cunculcoaun.

208 968 355 1049 Theirpm-
409 977 593 1025 memma
631 971 795 1043 Imperator
807 971 910 1028 Achon
921 970 1069 1046 applicans
1081 972 1291 1039 Firethericus,¹
1304 974 1422 1031 leroso-

206 1038 476 1111 ce⁴³d¹¹¹ll⁸¹¹¹limam
501 1053 656 1126 proiectus,
683 1074 701 1111 a
726 1072 798 1127 rege
816 1057 984 1114 Baldeuino
1011 1059 1168 1114 honorifice
1196 1063 1348 1131 susceptus
1376 1063 1422 1115 est

207 1103 332 1156 mm·
375 1143 442 1210 post
469 1137 617 1206 dolorem
649 1146 688 1206 et,
720 1141 849 1197 oratione
879 1143 1018 1214 perfecta,
1049 1143 1183 1199 recessit.
1230 1143 1292 1198 Iter
1321 1147 1419 1200 autem

374 1223 554 1282 Francorum
565 1223 750 1292 Ludovvicus,
765 1227 817 1298 qui
828 1244 896 1282 cum
914 1226 973 1283 lxx.
993 1267 1002 1282 .
1023 1267 1031 1282 .
1052 1265 1060 1284 .
1080 1243 1148 1282 eum
1166 1227 1353 1299 sequebatur,
1367 1227 1419 1283 illo
1432 1224 1468 1277 H·
1479 1227 1544 1280 Li.

373 1309 478 1365 itinere
501 1309 760 1381 proficiscebatur,2
779 1310 811 1365 in
836 1310 954 1367 eosdem
971 1311 1149 1367 confusionis
1167 1312 1288 1383 laqueos
1314 1310 1421 1368 cecidit
1433 1297 1491 1345 ²⁸²·

372 1393 528 1449 irretitus.⁸
573 1394 613 1450 Ft
642 1395 709 1466 quie
738 1399 835 1467 potest
856 1395 954 1451 dicere
978 1395 1051 1463 Deo,
1084 1395 1174 1453 “Our
1197 1395 1252 1452 hoc
1278 1394 1400 1453 iaoisi”
1408 1396 1420 1429 ⁴

373 1476 487 1532 Cecidit
504 1482 603 1532 autem
620 1478 663 1533 ibi
680 1495 787 1534 corona
803 1477 916 1535 laetitiae
934 1479 1115 1536 Francorum
1132 1486 1162 1537 et
1173 1481 1319 1538 alacritas.
1356 1479 1421 1535 Rex

371 1577 442 1616 vero
458 1561 586 1616 multum
603 1566 815 1635 consternatus,
835 1563 995 1618 orationem
1012 1563 1141 1620 votivam
1159 1565 1283 1636 perfecit
1301 1563 1321 1619 J
1322 1579 1421 1620 erusa-

371 1644 440 1700 lem.
478 1643 550 1700 Post
568 1662 639 1701 vero
657 1646 817 1717 imperator
834 1651 865 1702 et
888 1663 976 1718 reges
994 1647 1175 1704 Francorum
1192 1654 1223 1706 et
1240 1649 1418 1716 Jerusalem,

371 1729 461 1784 nenil
473 1734 620 1800 ageretur,
637 1726 859 1802 [Damascum]‘
870 1729 1054 1788 obsederunt.
1086 1733 1126 1788 llt
1137 1748 1205 1789 cum
1216 1737 1420 1805 prosperatum

372 1813 477 1870 fuisset
493 1831 566 1886 opus
577 1812 719 1869 Martium
730 1814 763 1868 in
773 1813 908 1870 manibus
926 1832 1036 1880 eorum,
1055 1816 1099 1872 ita
1115 1822 1150 1872 ut
1166 1821 1289 1888 pateret,
1308 1814 1421 1871 hortis‘

372 1897 540 1963 destructis,
560 1897 656 1969 captio
674 1897 812 1964 civitatis,
826 1899 955 1970 corrupti
975 1899 1040 1954 auri
1057 1906 1088 1956 et
1105 1899 1221 1972 argenti
1232 1900 1421 1956 multitudine

371 1981 484 2037 infinita
501 1982 622 2054 pacifice
649 1982 702 2038 sed
719 1982 845 2054 turpiter
870 1990 1064 2039 recesserunt.
1101 1983 1181 2040 Proh
1198 1984 1310 2056 pudor!
1329 1984 1420 2039 immo
1484 2049 1486 2053 ¹

371 2067 446 2138 proh
463 2067 563 2123 dolori
582 2067 715 2124 infideles
732 2068 864 2123 fidelium
881 2068 1098 2125 detestabantur
1116 2069 1328 2135 infidelitatem,
1341 2075 1421 2142 tepo-

371 2170 436 2208 rem
459 2157 490 2209 et
512 2151 675 2208 avaritiam.
712 2152 757 2207 lix
783 2158 853 2208 tunc
879 2152 974 2224 igitur
999 2153 1103 2208 diatim
1129 2153 1225 2224 tepuit
1250 2160 1280 2208 et
1303 2153 1421 2224 languit

372 2235 607 2293 Christianorum
624 2235 740 2292 devotio
766 2236 845 2292 eirca
860 2235 1063 2292 liberationem
1080 2236 1251 2293 hereditatis
1270 2236 1418 2293 crucifixi.

203 2309 359 2392 fflbffssbl·
372 2321 518 2377 Rohertus
545 2320 639 2376 sactus
658 2327 704 2376 est
728 2320 882 2393 episcopus
908 2320 1132 2386 Liucolniensis,
1161 2338 1215 2393 per
1239 2338 1419 2393 manumque

204 2378 359 2438 ⁰f1⁴¹¹¹⁰⁰¹⁰·
372 2406 540 2472 Theobaldi,
560 2404 770 2477 archiepiscopi
789 2405 1017 2473 cantuariensis,
1036 2411 1231 2462 consecratur.

204 2521 335 2575 Successus
407 2532 604 2582 auctuum.
660 2523 732 2581 Post
760 2541 911 2580 recessum
940 2529 1039 2581 autem
1064 2524 1249 2596 imperatoris
1279 2523 1419 2596 regisque
1448 2527 1572 2583 eleae.

203 2589 358 2643 mmm·
371 2611 560 2675 Francorum,
578 2613 646 2680 post
662 2608 769 2663 multas
788 2614 818 2663 et
835 2608 1036 2664 lamentabiles
1055 2613 1178 2680 strages,
1199 2625 1271 2679 quae
1290 2608 1420 2665 exercuit

370 2701 508 2752 cruentus
539 2694 735 2766 Sanguineas,
765 2692 944 2759 Noredinua,
974 2693 1107 2766 ejusdem
1138 2693 1300 2765 Sanguinei
1328 2693 1417 2759 filius,

369 2781 504 2852 princeps
521 2778 685 2834 Fureorum
702 2775 933 2850 potentissimus,
953 2777 1025 2834 fines
1036 2777 1255 2834 Anthiocheuos
1272 2777 1420 2834 hostiliter

369 2865 530 2937 ingressus,
561 2861 770 2927 Reimnndum,
806 2861 969 2934 principem
1007 2861 1181 2927 Antiochia,
1217 2867 1318 2917 contra
1351 2878 1419 2916 eum

369 2954 523 3004 exeuntem
539 2964 608 3003 cum
632 2947 697 3002 suis
714 2945 882 3003 trucidavit.
919 2946 1088 3003 Noradinus
1106 2946 1200 3018 igitur
1223 2946 1287 3017 jam
1311 2962 1420 3001 cornua

369 3050 487 3089 sumens
505 3038 536 3089 et
547 3032 674 3103 erigens,
688 3029 770 3086 nullo
781 3031 924 3096 obstante,
938 3048 1112 3103 progressus
1130 3029 1307 3101 inpartibus
1320 3030 1419 3085 Ferre

370 3115 484 3174 Sanctae
500 3112 725 3181 debacchend0,⁷
736 3119 865 3171 castrum
877 3113 1021 3185 Hareng⁸
1038 3113 1290 3170 munitissimum⁹
1308 3114 1418 3170 caedem

369 3218 506 3258 exercens
511 3198 531 3232 ¹⁰
538 3199 708 3273 occupavit;
723 3199 814 3255 donec
826 3200 889 3271 ipse
898 3217 950 3255 rex
958 3198 978 3254 J
979 3198 1200 3254 erosolimorum
1209 3199 1418 3270 superveniens

369 3285 525 3352 hostiliter,
544 3284 642 3357 ipsum
653 3283 796 3356 compulit
806 3283 991 3339 retrocadere
1004 3282 1176 3355 fugientem.
1214 3282 1306 3339 Facta
1319 3279 1389 3353 [est]
1399 3284 1416 3314 ¹¹

369 3371 522 3426 translatio
552 3368 644 3425 sancti
681 3366 915 3424 Frkenuualdi.¹⁹
949 3367 1013 3423 Rex
1043 3367 1197 3423 Scotorum
1223 3366 1320 3424 David
1347 3365 1418 3422 iecit
1429 3363 1542 3422 Η.Δ,ἰ,

369 3454 495 3510 militem
512 3453 685 3518 Henricnm,
705 3451 936 3524 primogenitum
955 3490 964 3508 .
984 3490 992 3507 .
1011 3490 1019 3507 .
1036 3450 1179 3506 Matildis.
1430 3439 1489 3487 2⁸⁵·

203 3511 351 3630 {Qec
405 3581 580 3633 motuum.
619 3574 779 3630 Ganlridus
801 3613 945 3629 .......
965 3573 1002 3628 ab
1022 3570 1162 3628 infelicill
1182 3571 1417 3644 peregrinatione
1429 3575 1465 3624 Η.
1476 3575 1512 3625 A.
1524 3575 1543 3628 i.

202 3644 358 3698 Gilbfflffi
371 3679 433 3719 sua.
479 3659 632 3716 lexebona
661 3665 746 3731 capta
773 3662 819 3713 eet
836 3674 855 3712 a
884 3656 1070 3713 Christianis.
1121 3656 1289 3713 Gilebertue
1320 3646 1561 3732 Foliot385¹28⁶1

202 3711 276 3827 2⁰²¹)
294 3715 344 3766 ·⁰f
372 3753 418 3803 033
434 3746 528 3801 faetus
547 3744 700 3816 episeopus
719 3740 956 3798 Herefordensis.

203 3857 286 3909 Peuce
405 3860 525 3910 ΨΜ.
563 3850 626 3907 Rex
644 3851 824 3907 Francorum
835 3847 1020 3915 Ludovvicus,
1035 3847 1223 3915 Eustachius,
1242 3847 1322 3905 filius
1335 3844 1416 3921 regis

202 3926 297 4043 ἓξὲξ
370 3937 521 4011 Stephani,
541 3936 600 3991 dux
618 3952 734 4007 quoque
752 3932 940 3990 Normanniae
953 3931 1110 3998 Henricus,
1131 3951 1198 3988 cum
1216 3933 1418 4005 copiosissima

297 4009 315 4041 n

401 4089 606 4157 ¹Fretherieue]
642 4089 669 4141 A
696 4085 804 4138 mistake
830 4085 870 4138 ior
948 4085 1065 4152 ‘ionieJ
1085 4086 1153 4147 ortis,
1165 4086 1221 4137 MS.

371 4169 507 4221 Conrado.
541 4169 589 4221 See
600 4168 668 4220 Hae
681 4166 792 4233 Anchi.
805 4170 862 4218 ael.
947 4165 1156 4231 ⁷detacctcndo]
1175 4164 1398 4227 reascendens,
1429 4228 1432 4233 Δ

400 4248 638 4315 ²proficiscetaes]
680 4246 868 4313 profiscebatur,
946 4243 1207 4310 ⁸nullo..Haren9]
1234 4245 1416 4297 Writtenover

368 4327 426 4380 ΜΒ.
913 4341 945 4377 an
958 4339 1065 4376 erasme.

401 4408 412 4438 ³
429 4405 551 4473 irretitus]
565 4406 676 4459 Written
687 4406 778 4457 irretita
790 4404 816 4457 lu
825 4406 867 4456 the
945 4404 956 4436 ⁹
969 4405 1162 4470 mucirensem]
1182 4404 1411 4468 munitissumis.

369 4491 432 4546 text,
442 4487 488 4536 but
498 4501 560 4536 corr.
571 4484 600 4536 in
610 4500 690 4552 marg.
946 4483 965 4516 ¹⁰
983 4485 1107 4549 mercem]
1128 4500 1253 4546 exercens,
1265 4485 1323 4536 MS.

401 4565 412 4596 ⁴
422 4565 507 4629 socie]
527 4563 595 4626 fecis,
606 4564 663 4616 MS.
945 4559 963 4596 ¹¹
981 4560 1029 4628 est]
1050 4561 1161 4615 Omitted
1173 4564 1200 4614 in
1211 4563 1268 4616 MS.

401 4642 586 4709 avenacea]
600 4642 720 4710 supplied
726 4642 790 4695 stom
797 4640 866 4694 Her.
946 4641 966 4674 ¹²
982 4640 1164 4707 Erlenuuoldi]
1184 4642 1346 4708 Erkeuualdi,
1354 4644 1411 4698 MS.

369 4723 442 4790 Aegl.
944 4719 965 4754 ¹⁸
981 4718 1090 4786 infelice]
1109 4717 1225 4784 imieliee,
1237 4723 1295 4775 MS.
