3278 5610
384 764 428 829 64
508 775 675 828 ιιιτιιιιιι
698 775 916 835 psalerniam,
931 779 1094 830 maroam
1113 779 1314 831 Διιοιοιιιιιι

215 952 285 1006 ΑΒ.
299 961 373 1009 ιιιι.
384 948 409 1014 J
411 950 587 1037 [ohannes]
627 951 740 1018 fecisse
772 958 1058 1032 commemoratur,
1085 954 1182 1034 facto,
1217 956 1337 1021 anima
1368 976 1437 1020 suae

385 1051 529 1117 multum
550 1053 695 1119 creditur
716 1055 937 1122 subvenisse
963 1056 1060 1137 Quod
1086 1057 1164 1124 huic
1187 1057 1316 1146 puginae
1339 1058 1437 1123 duxi-

384 1177 459 1220 mus
481 1158 717 1225 annotandum.

526 1467 618 1535 Noto
632 1470 772 1556 suotwot
793 1470 968 1538 laudabile
989 1471 1080 1557 repis
1101 1470 1301 1538 Jobuoaoia.1

216 1651 371 1706 Pnaavor-
428 1641 572 1722 Quidam
602 1644 787 1732 philosophi
809 1646 926 1726 Graeci,
949 1647 1104 1712 vultuet
1089 1650 1230 1734 tgestu
1262 1646 1367 1712 severi
1399 1652 1435 1711 et
1475 1631 1479 1638 ⁶

214 1719 371 1864 ffigffi
383 1745 594 1826 venerabiles,
618 1748 717 1813 tertio
732 1748 786 1814 vel
809 1754 928 1834 quarto
952 1770 1039 1814 anno
1063 1750 1156 1835 regni
1179 1749 1326 1834 ejusdem
1348 1749 1434 1836 regis

76 1836 85 1859 ⁸
215 1851 243 1900 in
256 1854 333 1904 reses
383 1847 407 1911 ,J
411 1847 620 1936 [ohannis]
609 1871 646 1914 m
668 1850 824 1938 Angliam
856 1851 900 1917 ab
931 1851 1074 1916 Athenis
1100 1852 1277 1929 venientes,
1310 1852 1434 1916 curiam

214 1929 315 2037 Ἕω
383 1951 469 2036 regis
491 1951 655 2032 adierunt,
678 1959 845 2040 sperantes
868 1975 952 2034 eum,
976 1963 1011 2021 et
1043 1952 1125 2018 alios
1147 1975 1206 2040 per
1234 1975 1434 2039 consequens

215 2052 303 2104 Greek
314 2053 370 2118 ΡΜ
383 2053 639 2131 occidentaless
629 2077 665 2119 m
696 2077 806 2120 arcum
837 2078 977 2143 pravum
1007 2056 1044 2121 in
1077 2055 1226 2121 articulis
1258 2054 1336 2120 fidei
1358 2077 1434 2120 con·

214 2118 303 2185 Μὴ
303 2136 350 2172 “²
382 2155 528 2222 vertisse
574 2155 758 2224 Senescallo
781 2180 910 2244 quoque
932 2158 1018 2245 regis
1040 2159 1240 2238 dixerunt‘
1242 2157 1435 2223 ‘Habemus

382 2279 563 2324 sermonem
593 2259 728 2326 domino
757 2260 836 2346 regi,
861 2260 903 2325 ad
938 2260 1122 2326 utilitatem
1154 2259 1259 2325 totius
1281 2259 1433 2339 ecclesiae,

383 2364 418 2425 et
459 2362 553 2448 regni
593 2362 643 2426 sui
682 2362 866 2428 utilitatem
898 2362 1138 2428 declarandum.
1197 2361 1310 2426 Latini
1344 2361 1433 2427 enim

383 2462 563 2528 Christiani
587 2486 607 2529 a
630 2465 764 2531 tramite
779 2464 932 2531 veritatis
953 2465 991 2528 in
1005 2464 1153 2530 articulis
1174 2464 1252 2529 fidei
1274 2463 1434 2528 hactenus

382 2564 617 2647 exorbitantes,
640 2567 819 2632 enormiter
847 2566 1086 2653 periclitantur,
1110 2588 1191 2653 quos
1213 2565 1434 2632 desideramus

382 2667 425 2731 ad
446 2669 669 2754 cognitionem
693 2669 845 2735 veritatis
874 2668 1050 2734 salubriter
1083 2667 1360 2755 irrefragabilibus
1382 2691 1434 2732 ra·

382 2770 530 2836 tionibus
563 2793 723 2851 revocare,
753 2778 794 2837 ut
823 2769 1022 2837 salventur.’'
1067 2770 1164 2851 Quod
1195 2792 1269 2836 cum
1300 2770 1433 2836 domino

381 2872 451 2958 regi
480 2873 610 2962 plenius
642 2874 866 2953 intimaretur,
890 2873 1018 2960 Spiritu
1046 2872 1176 2950 Sancto,
1205 2879 1245 2938 ut
1278 2872 1432 2950 creditur,

380 2975 522 3053 edoctus,
544 2976 721 3062 respondit,
753 2975 965 3042 “Multorum
997 2981 1192 3054 sanctorum,
1217 2975 1258 3040 de
1292 2997 1432 3061 quorum

379 3077 554 3143 sanctitate
577 3083 612 3143 et
641 3079 839 3144 auctoritate
862 3079 927 3144 toti
958 3078 1081 3143 mundo
1114 3076 1281 3142 miraculis
1304 3082 1433 3142 constat

379 3180 598 3260 evidentibus,
621 3180 711 3259 fides,
728 3204 827 3268 quam
849 3182 1058 3269 suscepimus,
1078 3180 1269 3261 roboratur3
1293 3180 1377 3256 nolo,
1394 3185 1434 3244 ut

378 3302 492 3347 eorum
526 3283 806 3369 disputationibus
835 3284 1000 3349 ullatenus
1033 3283 1179 3348 discmsa
1206 3283 1349 3359 vacillet,
1373 3303 1433 3346 neo

378 3391 468 3451 certa
505 3407 564 3471 pro
595 3386 729 3451 incertis
764 3393 1007 3452 commutemus
1064 3387 1201 3450 Possent
1239 3385 1329 3449 enim
1366 3385 1432 3448 cito

379 3487 509 3567 multos,
548 3489 648 3554 etiam
695 3489 731 3552 in
776 3488 842 3553 fide
880 3488 1021 3568 stabiles
1061 3488 1128 3552 suis
1166 3486 1360 3573 ambagibus
1398 3492 1433 3551 et
1560 3561 1565 3571 ι

379 3589 490 3653 dubiis
521 3589 769 3676 deceptionibus
791 3612 812 3653 a
841 3594 932 3654 statu
957 3589 1168 3654 certitudinis
1194 3594 1376 3665 concutere,
1398 3594 1433 3653 et

379 3692 524 3776 aliquam
550 3690 745 3769 novitatem,
776 3713 843 3776 qua
867 3690 1016 3778 gaudent
1045 3692 1203 3769 moderni,
1228 3691 1432 3777 persuadere.

379 3793 548 3858 Recedant
573 3793 678 3879 igitur
709 3793 889 3871 confestim,
912 3815 972 3858 neo
1005 3793 1145 3880 amplius
1176 3794 1212 3857 in
1244 3799 1334 3858 terra
1359 3815 1433 3858 mea

379 3895 565 3975 videantur,
583 3894 637 3959 vel
659 3895 867 3961 audiantur.”
912 3895 959 3962 Et
980 3895 1035 3975 sic,
1050 3896 1206 3982 imposito
1221 3897 1269 3961 eis
1290 3896 1432 3976 silentio,

379 3998 475 4064 vacui
497 4004 700 4064 recesserunt
723 4003 759 4064 et
780 3997 916 4064 confusi.

387 4203 548 4212 ——--.-
734 4202 984 4210 .—-.——-—-—--

414 4325 422 4357 ¹
440 4327 489 4377 See
511 4341 527 4377 a
546 4325 662 4390 previous
684 4325 769 4376 notice
785 4325 817 4375 os
829 4324 881 4375 thir
892 4333 967 4376 event
977 4326 1059 4375 under
1077 4324 1120 4375 the
1137 4340 1199 4391 year
1211 4331 1284 4384 1216,
1303 4326 1329 4374 in
1341 4326 1391 4377 vol,
1403 4326 1429 4375 ii.

380 4419 404 4467 p.
421 4410 475 4455 19⁴.
