3278 5610
357 786 405 835 nr
427 787 585 837 raucone
608 787 709 836 auore
732 787 887 849 sanarer,
909 787 977 836 vrz.
1002 787 1125 836 marn.
1217 773 1261 843 87

213 1059 306 1130 Obiit
328 1060 489 1148 Bosanaia
512 1060 696 1146 episcopas.
743 1059 900 1145 Eliyitnr
926 1059 1087 1144 nmyiatcr·
1108 1059 1342 1127 maren-an.
1358 1079 1430 1125 1250.

495 1162 567 1230 tina
590 1162 629 1228 de
652 1162 777 1232 Sancto
800 1159 978 1228 Maltino.l

256 1309 445 1397 Eodemque
468 1310 548 1375 anni
570 1317 725 1395 tempore,
749 1310 833 1374 circa
849 1309 970 1375 festum
985 1307 1139 1373 videlicet
1154 1309 1259 1374 sancti
1274 1321 1356 1399 Death
1369 1325 1398 1374 of

209 1411 390 1492 Michaelis,
414 1412 498 1477 obiit
521 1412 688 1499 episcopus
719 1412 876 1488 Rofensis,
910 1416 951 1487 et,
984 1414 1179 1497 procurante
1203 1410 1259 1475 do·
1271 1387 1400 1506 ἑὲᾛζζᾱ

207 1516 298 1580 mino
320 1537 404 1602 rege,
426 1515 592 1601 sepultum
616 1519 666 1580 eat
688 1536 804 1600 corpus
827 1514 896 1598 ejus
922 1512 1011 1599 apud
1035 1511 1353 1586 westmonast-rene]

208 1618 337 1683 terium.
376 1617 479 1703 Cujus
502 1616 571 1682 loco
595 1617 747 1682 monachi
764 1615 921 1680 Rofenses
944 1614 1116 1700 elegerunt
1139 1613 1258 1700 magis·
1272 1589 1418 1708 ffigssef,

208 1723 298 1784 trum
332 1719 548 1784 Laurentium
584 1718 623 1783 de
659 1718 779 1784 Sancto
813 1717 960 1781 Martino
997 1717 1033 1780 in
1071 1716 1257 1803 episcopum
1295 1726 1326 1770 2⁹
1339 1722 1408 1786 sept.

208 1842 314 1896 suum,
337 1821 463 1885 domini
486 1821 571 1906 regis
594 1821 748 1885 clericum
771 1825 806 1885 et
829 1818 1051 1884 consiliarium
1075 1818 1257 1904 specialem,
1271 1800 1421 1919 fflffi,

208 1928 243 1988 et
276 1924 312 1987 in
344 1924 434 1988 curia
467 1923 618 1986 Romana
649 1922 810 1987 efficacem
840 1925 1095 2007 procuratorem,
1123 1921 1257 1985 natione
1270 1935 1428 1985 tinoeleoted

207 2025 394 2112 Anglicum,
418 2029 452 2089 et
475 2025 643 2111 eleganter
664 2024 844 2088 literatum.
903 2022 1177 2109 Archiepiscopus
1200 2046 1257 2087 au.
1270 2003 1413 2118 ffloe‘d

208 2131 275 2192 tem
306 2125 555 2192 Cantuarienais
590 2125 823 2212 B[onesacius],
855 2124 980 2192 malens
1009 2122 1109 2208 jure2
1139 2126 1257 2211 magis·
1272 2146 1395 2211 Tneabp.

207 2232 296 2293 trum
322 2229 497 2315 Hugonem
534 2228 574 2293 de
601 2227 734 2294 Mortuo
750 2227 842 2308 mari,
876 2225 1046 2292 officialem
1078 2248 1184 2306 suum,
1222 2228 1258 2291 in
1271 2213 1414 2344 ζξξθξὲθῐ·

208 2330 346 2396 eundem
371 2331 594 2417 episcopatum
617 2351 818 2417 promovere,
843 2329 1036 2394 electionem
1059 2328 1150 2393 illam
1172 2331 1428 2398 nite-ueavourrto

208 2434 307 2499 batur
328 2432 507 2499 enervare.³
1271 2413 1400 2529 ἓὲξὲοιὲιε

1271 2545 1337 2596 void.

259 2665 363 2734 Redit
384 2667 559 2753 episcopua
583 2665 839 2733 lincolniensis
863 2689 885 2731 o
908 2665 1009 2732 cario
1036 2666 1204 2748 Romano,

468 2768 668 2853 frustratas
691 2791 714 2834 n
737 2768 902 2835 (lcaiden'o
924 2791 993 2835 ano

253 2916 299 2980 Et
322 2918 408 2982 circa
430 2917 517 2980 idem
540 2916 669 2992 festum,
697 2916 788 2981 beati
823 2918 945 2982 scilicet
980 2917 1161 2996 Michaelis
1189 2920 1256 3005 epi·
1271 2931 1409 2983 Intumof

205 3039 324 3103 scopus
347 3016 586 3080 Lincolniensis
610 3017 781 3093 Rubenius,
815 3040 888 3083 curn
919 3019 954 3081 in
984 3019 1076 3082 curia
1108 3020 1258 3084 Romana
1270 2999 1407 3114 fflffiff

207 3118 376 3184 infinitam
408 3117 580 3205 pecuniam
611 3121 646 3182 et
682 3118 751 3182 dies
782 3118 940 3204 plurimos
970 3119 1114 3184 frustra⁴
1136 3131 1426 3208 expen-fromRome.

207 3221 319 3301 disset,
343 3226 376 3286 et
400 3224 593 3306 conceptum
617 3220 821 3306 propositum
844 3219 888 3284 ad
911 3226 1027 3285 votum
1055 3221 1274 3315 [perficereP'

207 3321 370 3389 minime⁶
392 3323 560 3403 valuisset,
584 3322 691 3387 tristis
714 3325 749 3386 et
772 3343 903 3398 vacuus,
934 3344 1009 3387 cum
1040 3323 1163 3387 multos
1184 3323 1259 3388 reli·

208 3425 317 3512 giosos
340 3424 570 3510 multipliciter
591 3423 772 3511 fatigasset,
797 3424 840 3489 ad
862 3423 993 3510 propria
1016 3424 1184 3489 remeavit.

296 3655 346 3720 De
368 3662 560 3720 nnoenaotn
581 3654 625 3719 in
647 3655 789 3740 Anglii,
818 3654 942 3722 scilicet
965 3656 1008 3723 in
1033 3655 1168 3725 Cilicia.

251 3816 352 3881 Anno
375 3837 504 3901 quoque
527 3815 587 3880 sub
611 3816 736 3896 eodem,
759 3816 813 3881 die
828 3817 981 3882 videlicet
996 3823 1118 3885 sanctae
1135 3819 1254 3898 Luciae,
1299 3838 1328 3883 13
1340 3834 1402 3885 Dec.

207 3917 292 3983 circa
314 3918 429 3983 horam
453 3918 594 3996 tertiam,
616 3918 724 3983 factus
758 3924 808 3983 est
840 3924 1046 3985 terraemotus
1068 3921 1105 3985 in
1129 3920 1254 3999 Oiltria,
1269 3899 1384 3951 U¹¹¹¹⁸¹¹³¹

242 4135 250 4167 ¹
262 4136 293 4185 ln
304 4137 347 4186 the
357 4137 458 4201 margin
466 4150 507 4185 are
517 4137 604 4184 drawn
612 4151 627 4184 a
636 4136 711 4185 mitre
734 4142 736 4189 l
790 4135 800 4166 ²
811 4137 885 4201 jare]
907 4136 947 4186 On
960 4152 992 4186 an
1004 4150 1111 4186 erasure.

208 4217 259 4266 and
281 4216 383 4275 crucier,
403 4216 526 4273 reversed,
546 4215 597 4263 and
621 4214 648 4261 in
668 4213 711 4263 the
734 4220 736 4289 l
790 4214 800 4246 ³
818 4214 1043 4280 Archiepiscopur.
1062 4253 1067 4263 .
1085 4217 1253 4282 ..enervare]

208 4293 286 4344 lower
306 4294 405 4359 margin
429 4293 533 4343 another
558 4291 632 4341 mitre
662 4295 711 4342 and
757 4294 822 4343 This
833 4309 937 4358 passage
948 4294 971 4342 is
982 4294 1085 4343 marked
1097 4296 1112 4320 ‘⁴
1123 4302 1195 4342 vacat
1205 4295 1255 4344 ”in

208 4374 309 4433 crucier,
327 4381 403 4433 erect,
414 4372 475 4420 with
496 4371 567 4421 thare
583 4373 667 4420 words
684 4371 711 4420 in
733 4393 735 4408 κ
756 4373 798 4423 the
810 4372 909 4436 margin
922 4373 949 4421 in
960 4372 1006 4422 red
1017 4372 1109 4430 lettera,
1121 4375 1171 4421 and
1187 4389 1256 4425 rome

208 4449 711 4517 red,“Mu9iaterLaurentiaadeSancto
733 4427 735 4460 ¹
756 4452 895 4502 additional
907 4452 990 4499 words
1008 4451 1072 4500 have
1091 4452 1154 4502 becn
1167 4455 1256 4513 added,

208 4530 323 4581 Martino
340 4539 439 4580 creatur
458 4531 483 4579 in
503 4532 641 4596 episcopum
660 4530 710 4578 Ro-
756 4533 801 4581 but
813 4531 958 4580 afterwards
969 4530 1064 4594 wholly
1076 4534 1171 4583 erased.

202 4611 324 4675 semen.’'
348 4611 441 4675 Bytho
452 4611 507 4660 aide
519 4610 608 4661 ofthis
619 4625 710 4674 appear
732 4642 734 4658 .
788 4611 797 4643 ⁴
808 4611 924 4676 frustra]
945 4611 985 4660 On
996 4625 1029 4660 an
1041 4625 1146 4662 erasure.

208 4708 223 4742 a
244 4691 337 4742 second
360 4689 435 4740 mitre
454 4692 505 4740 and
524 4690 626 4748 croslet,
647 4691 709 4740 vith
788 4690 944 4755 ⁵perficere]
966 4689 1086 4753 Supplied
1097 4691 1161 4740 stom
1174 4692 1205 4742 B.
1215 4693 1242 4742 (¹.

208 4785 277 4821 some
289 4772 372 4820 words
384 4771 411 4819 in
422 4773 475 4826 red.
487 4788 546 4821 now
557 4773 652 4822 erased.
788 4769 798 4801 ⁶
815 4770 921 4834 minime]
942 4769 981 4819 On
995 4784 1026 4817 an
1039 4784 1145 4820 mure.
