3278 5610
450 793 498 844 nn
518 794 680 846 cursona
702 795 804 846 auo1s
825 794 971 846 naemei
993 794 1117 846 marn.
1231 781 1294 844 251

251 971 368 1043 populo,
383 977 414 1027 ct
435 971 521 1042 regni
542 971 736 1043 magnatibus.
775 969 984 1042 Solempnitats
1007 970 1109 1040 igitur,
1132 973 1166 1025 ut
1190 968 1296 1027 decuit.
1309 975 1376 1031 AD.
1392 983 1464 1030 last.

83 1055 117 1106 11.
131 1056 165 1106 Λ.
178 1056 203 1107 ii.
252 1056 405 1127 completa,
425 1055 578 1112 Hubertus
602 1055 813 1127 justiciarius.
836 1095 842 1110 .
865 1096 871 1109 .
892 1060 922 1110 et
945 1054 1078 1110 omnibus
1102 1054 1168 1108 aliia
1190 1053 1298 1108 adhoc

83 1128 140 1173 268.

250 1141 437 1212 congregatis
463 1181 470 1194 .
493 1138 752 1195 ..transmarinis
780 1155 798 1193 a
823 1138 980 1193 Ludowico
1005 1139 1124 1210 perjuro
1148 1144 1179 1193 et
1202 1136 1298 1192 Picta·

250 1226 398 1291 rensibus,
419 1242 503 1280 secus
522 1241 609 1296 quam
628 1221 763 1279 deceret¹
782 1222 962 1295 stupefactis.
1000 1224 1044 1277 Ex
1071 1240 1128 1294 quo
1150 1238 1220 1277 casu
1241 1239 1298 1276 non

251 1309 346 1365 solum
375 1351 382 1364 .
413 1350 419 1364 .
448 1309 536 1363 .sint
559 1308 591 1362 in
608 1325 679 1363 casn
696 1306 744 1362 vel
763 1324 851 1362 eausa
879 1348 885 1362 .
915 1348 921 1362 .
951 1348 958 1364 .
984 1307 1159 1363 neccssaria.
1208 1305 1299 1361 Pctiit

251 1411 322 1463 ergo
336 1434 480 1447 .......
495 1399 525 1447 et
537 1391 636 1447 concio
647 1395 716 1454 tota,
730 1390 830 1446 habita
849 1433 856 1446 .
878 1432 885 1446 .
907 1431 914 1447 .
933 1392 1004 1446 licet
1021 1391 1052 1446 id
1065 1409 1154 1462 grave
1169 1390 1212 1446 eia
1232 1408 1298 1461 gra-

251 1476 405 1530 vissimum
431 1475 506 1530 foret
533 1474 611 1544 quod
635 1474 813 1546 postulasset
839 1515 846 1530 .
878 1516 883 1529 .
912 1515 919 1529 .
946 1480 976 1529 et
1001 1476 1108 1530 totiens
1134 1492 1295 1539 concessas,

173 1560 175 1564 '
250 1559 328 1613 omni
353 1559 480 1629 amplius
498 1557 682 1614 cavillatione
700 1563 804 1622 amota,
824 1557 980 1614 concedere
1000 1558 1148 1614 voluisset.
1185 1558 1298 1613 Annuit

250 1643 343 1712 igitur
371 1659 423 1696 rex
448 1642 584 1713 benigne,
616 1641 751 1711 precibus
781 1659 815 1696 ao
844 1642 1006 1697 rationibus
1036 1642 1141 1697 ductus
1177 1659 1296 1697 suorum

250 1725 389 1780 fidelium.
428 1724 525 1780 Oartis
551 1742 665 1796 quoque
688 1725 820 1796 protinus
845 1726 1018 1796 conscriptis
1045 1731 1075 1781 et
1092 1725 1240 1796 sigillatis,
1260 1724 1297 1780 ad
1309 1732 1453 1789 Theclm.

251 1809 383 1880 singulos
401 1809 518 1879 Anglies
537 1809 691 1864 comitatus
716 1816 804 1865 cartis
821 1809 954 1883 protinus
981 1809 1159 1881 diriguntur.
1197 1809 1237 1864 Et
1260 1807 1297 1863 ad
1310 1803 1402 1852 “Mi

252 1934 258 1946 .
281 1933 287 1946 .
310 1934 316 1946 .
339 1935 345 1946 .
370 1892 494 1947 forestae.
532 1891 603 1961 Quae
628 1893 660 1947 in
689 1892 830 1949 Historiis
860 1893 1035 1948 Annalium³
1062 1894 1134 1949 locis
1163 1893 1296 1965 pluribus
1309 1867 1435 1985 Eelffioe

249 1977 357 2046 poterit
375 1975 513 2032 sedulus³
537 1977 662 2047 quisque
685 1977 836 2068 reperire*
872 1979 954 2034 Tunc
980 1977 1155 2034 constitutus
1181 1983 1226 2033 ast
1253 2016 1261 2032 .
1288 2007 1336 2050 ,ω
1346 2001 1409 2051 0201,

250 2099 444 2118 .....
480 2060 651 2124 literatorio,
688 2060 724 2115 ab
761 2061 894 2117 omnibus
934 2061 1082 2117 observari
1109 2060 1295 2133 jubebantur.
1309 2075 1410 2132 cauum.

249 2143 359 2199 Eodem
390 2162 473 2211 anno,
493 2146 523 2198 in
541 2144 589 2199 die
609 2185 847 2199 .........
873 2144 988 2201 civibus
1005 2147 1144 2217 porrexit.
1180 2146 1217 2200 In
1234 2145 1296 2215 qni·

248 2227 303 2283 bus
324 2269 502 2284 .......
522 2229 608 2283 multi
627 2229 663 2283 de
681 2229 813 2300 partibus
831 2229 902 2294 illis,
922 2230 1085 2287 nescientes
1104 2230 1151 2285 cui
1169 2230 1295 2285 fructuo-

250 2315 311 2366 sius
329 2313 499 2376 militarent,
521 2313 627 2382 quibus
646 2331 712 2368 cunr
732 2313 876 2385 stipendia
896 2354 1074 2369 .......
1095 2321 1125 2370 et
1142 2313 1296 2370 Gornubioe

252 2397 352 2452 literis
373 2396 434 2452 suis
452 2397 676 2452 inscribebatur.
714 2397 930 2470 Dicebaturqus
955 2405 1077 2463 secreto,
1097 2398 1223 2453 sednon
1240 2396 1466 2477 fuitReporathat

253 2482 351 2551 palam
370 2481 577 2553 divulgatum,⁵
595 2483 740 2539 veraciter
763 2484 841 2539 inter
857 2484 972 2540 nobiles
989 2485 1039 2538 vel
1061 2482 1198 2554 plebeios,
1218 2480 1296 2553 quod
1309 2463 1426 2531 ffiekmss

249 2582 300 2619 rex
312 2573 403 2621 totam
415 2566 600 2621 Wasconiam
618 2567 646 2622 ei
659 2567 781 2624 dederat
798 2574 829 2625 et
843 2568 1046 2625 incartaverat.
1078 2567 1183 2638 Itaque
1200 2604 1208 2622 .
1229 2608 1236 2622 .
1257 2606 1265 2622 .
1287 2529 1455 2650 .ἓὲᾓὲ

250 2654 347 2704 castra
363 2651 537 2716 Waacouiae,
558 2656 588 2706 et
606 2651 762 2706 rebellium
782 2659 880 2708 castra
902 2658 1036 2724 potenter
1061 2651 1188 2722 subegit.
1226 2650 1296 2706 Cas·
1310 2672 1337 2714 to
1349 2665 1392 2715 the
1403 2617 1463 2717 wll

250 2741 329 2789 trum
348 2733 471 2805 Regula
492 2775 498 2788 .
520 2775 527 2788 .
550 2776 556 2789 .
578 2776 585 2788 .
605 2736 764 2791 revocavit.
800 2735 864 2791 Neo
882 2736 977 2791 adhuc
989 2741 1102 2791 certum
1120 2735 1186 2799 fuit,
1207 2735 1233 2790 si
1244 2752 1296 2789 rex
1307 2731 1339 2780 of
1346 2731 1427 2782 Corn·

249 2818 295 2872 illi
313 2818 502 2873 Wasconiam
520 2818 659 2882 dedisset,
679 2828 714 2875 nt
732 2819 866 2875 dominus
885 2825 972 2874 term
989 2825 1145 2876 vocaretur
1162 2825 1192 2874 et
1210 2825 1295 2873 essct.
1307 2799 1373 2847 nn·

249 2902 312 2956 Rex
339 2908 438 2957 autem
468 2903 673 2957 Francorum.
702 2944 708 2957 .
737 2909 823 2959 ..et
844 2904 886 2958 ibi
904 2905 1083 2968 morabatur,
1102 2904 1249 2959 hostiliter
1267 2907 1297 2957 ct

248 2991 382 3056 potenter
394 2985 554 3050 venientes,
568 2986 725 3041 comitem.
742 3028 748 3060 :
765 3029 771 3041 .
786 2986 931 3057 adjunctis
944 2987 1002 3042 sibi
1018 2987 1213 3058 quibusdam.
1235 3027 1242 3042 .
1264 3027 1271 3041 .
1287 3027 1294 3040 .

250 3069 403 3140 fastigiosa
422 3071 494 3125 satis
515 3070 667 3141 processit.
707 3069 764 3125 Sed
783 3087 879 3125 comes
894 3111 1126 3127 .........
1146 3071 1177 3125 in
1195 3071 1297 3141 fugam

252 3154 395 3225 compulit
406 3154 549 3210 inimicos.
578 3152 656 3222 Quos
677 3194 683 3207 .
705 3195 711 3207 .
734 3193 740 3208 .
761 3154 864 3225 captis,
882 3155 1042 3210 vulnerat-is
1061 3156 1109 3211 vel
1127 3153 1296 3211 interfectis.

250 3238 420 3309 Eodemque
439 3256 513 3293 anno
533 3238 682 3293 Johennes
702 3278 709 3293 .
731 3278 737 3292 .
759 3278 766 3293 .
786 3237 823 3293 de
841 3238 951 3310 Burgo.
992 3238 1095 3296 Mense
1118 3238 1235 3305 Martio,
1261 3239 1297 3293 dc

249 3323 396 3378 communi
409 3322 531 3378 concilio
544 3321 625 3393 regis
639 3326 669 3375 et
681 3329 861 3392 magnatum,
875 3321 1036 3386 Falsasiua,
1051 3323 1107 3378 etsi
1119 3323 1296 3394 turpissimas
1308 3313 1443 3367 ΜΝ

249 3408 354 3462 mortis
381 3424 451 3461 reus
479 3411 566 3470 esset,
586 3412 688 3460 tamen
706 3405 777 3476 quia
804 3423 857 3476 pro
881 3423 953 3477 rega
979 3406 998 3461 J
1001 3405 1138 3478 [ohanne]
1165 3413 1295 3479 tempore
1307 3383 1440 3498 {5⁰³²ssae

250 3505 351 3543 werrae
370 3506 401 3541 se
420 3485 523 3541 multis
541 3484 678 3557 opposuit
695 3483 846 3540 laboribus
865 3491 896 3541 et
912 3487 1061 3557 periculis,
1081 3506 1137 3541 non
1156 3487 1295 3543 membris
1344 3463 1387 3498 ω
1398 3465 1420 3500 e'

250 3571 402 3627 mutilatus
429 3576 476 3625 est
493 3570 541 3624 vel
560 3570 623 3624 vita
647 3568 791 3640 privatus,
812 3569 865 3624 sed
890 3576 1031 3642 perpetuo
1057 3571 1197 3642 Angliam
1215 3572 1295 3644 abju-

250 3656 338 3711 ravit.
383 3655 531 3725 Praecepit
557 3669 672 3723 quoque
697 3670 749 3707 rex
777 3653 878 3710 comiti
902 3654 1076 3720 Waranniae,
1105 3655 1202 3728 ipsum
1228 3696 1234 3710 .
1257 3698 1263 3711 .
1285 3697 1293 3711 .

250 3739 420 3810 impositum
448 3757 481 3794 ac
511 3736 704 3792 irrediturom
734 3736 829 3792 ventis
859 3739 1055 3796 committeret
1083 3747 1114 3795 et
1147 3738 1294 3811 Neptuno.

250 3822 402 3877 Falcasius
424 3827 533 3886 autem,
552 3838 657 3875 navem
684 3837 859 3876 ascensurus
887 3840 975 3894 super
993 3823 1074 3887 litus,
1095 3823 1169 3879 dixit
1194 3823 1294 3879 comiti
1306 3823 1355 3873 His
1366 3839 1431 3876 mes·

251 3923 414 3970 recessuro,
436 3905 597 3961 “Salutate
624 3903 775 3959 dominnm
799 3922 897 3960 meum
915 3923 1016 3977 regem
1034 3906 1099 3963 vice
1119 3923 1193 3972 mea,
1212 3924 1294 3962 vera-
1305 3899 1404 3955 ”8⁰¹⁰

249 3992 323 4046 citer
345 3990 443 4047 dicens
463 3989 500 4055 ei,
522 3987 599 4059 qnod
618 3989 759 4061 quicquid
777 3989 843 4054 feci,
867 3989 1007 4046 instinctu
1025 3990 1081 4047 ieci
1102 3991 1294 4062 quorumdam
1333 3973 1405 4023 ‘¹¹¹5'

249 4081 420 4146 magnatum
456 4072 606 4129 suorum.”
650 4073 689 4129 Et
726 4073 889 4144 suspiciens
919 4084 950 4130 et
984 4074 1134 4145 suspirans
1171 4055 1292 4142 addidit,

251 4162 270 4186 ‘⁸
281 4159 477 4215 Maledicatur
496 4197 503 4212 .
523 4197 530 4210 .
551 4196 558 4210 .
577 4157 738 4213 nominare.
771 4156 830 4212 Sed
842 4158 974 4213 fecerunt
992 4157 1028 4214 de
1046 4176 1093 4214 me
1110 4160 1293 4231 primitivum

130 4286 138 4301 .
248 4244 317 4299 vadi
335 4249 552 4313 temptatorem.
592 4239 732 4312 Soletque
745 4258 807 4305 rex,
821 4240 899 4312 quod
911 4260 1010 4297 omues
1024 4242 1089 4298 illos
1107 4245 1245 4301 barbaros
1264 4253 1294 4303 et

282 4482 290 4513 ¹
309 4481 335 4531 A
353 4481 423 4529 word
441 4479 462 4528 is
480 4478 541 4529 bere
558 4479 644 4529 erased
661 4478 686 4527 in
706 4479 749 4528 the
830 4477 970 4546 ³sedulus]
989 4484 1093 4545 sedelus,
1104 4485 1160 4539 MS.

250 4564 304 4614 MS.
830 4560 840 4592 ⁴
858 4562 980 4627 reperire]
1000 4578 1119 4628 reperere,
1131 4568 1186 4622 MS.

283 4643 292 4674 ²
311 4642 433 4693 Historiis
444 4640 592 4706 Annalium]
612 4640 659 4691 See
677 4648 749 4690 notes
828 4639 1027 4709 Βᾰὶυιιζιμιὶιιηι]
1061 4645 1219 4714 divulgatum
1246 4661 1292 4712 at,

250 4725 276 4774 in
287 4723 355 4774 Har.
368 4721 451 4785 aspa,
461 4721 488 4772 ii.
504 4725 558 4783 1⁵7,
569 4726 626 4771 aas.
795 4719 861 4780 aas,
872 4721 1169 4788 buterismperauoea
