3278 5610
408 795 469 857 146
543 808 704 858 ramni
728 807 940 858 runrsrnusrs
964 806 1125 856 nrsronra
1147 805 1347 856 suenorum,

238 990 308 1041 Ad).
322 995 394 1042 125³.
405 980 542 1065 praelsti,
566 981 709 1046 humano
731 1003 828 1046 sensu
850 982 954 1047 electa
975 988 1108 1068 propter
1129 1003 1259 1046 carnem
1281 981 1334 1045 vel
1357 985 1450 1045 teue-
1565 983 1573 995 '

404 1082 545 1147 ritatem
591 1083 637 1148 Et
658 1088 709 1148 est
731 1084 898 1148 contraria
927 1084 1107 1170 Scripturae
1137 1082 1254 1161 Sacrae,
1279 1104 1353 1168 quse
1374 1104 1451 1167 pro·

404 1183 498 1250 hibet
519 1185 592 1249 fieri
612 1191 769 1271 pastores,
791 1186 849 1272 qui
871 1207 940 1251 non
962 1192 1040 1251 sunt
1063 1185 1174 1251 idonei
1205 1185 1250 1252 ad
1271 1185 1449 1251 arcendum

404 1286 506 1372 lupos.
552 1287 598 1352 Et
629 1292 680 1352 eet
713 1288 823 1374 pelam
854 1289 980 1369 edocto,
1003 1290 1082 1375 quia
1103 1288 1275 1354 manifeste
1296 1292 1450 1375 portatur

405 1394 495 1454 carta
517 1389 670 1475 sigillata
716 1391 762 1455 Et
776 1403 828 1456 est
842 1392 1057 1477 pertinaciter
1079 1391 1220 1465 defensa,
1237 1391 1316 1475 quia
1329 1390 1357 1453 si
1373 1389 1448 1475 quis

404 1490 547 1555 voluerit
595 1491 825 1570 contradicere,
873 1494 1094 1578 suspenditur,
1139 1493 1447 1558 excommunicetur.

404 1591 467 1657 Cui
501 1597 614 1658 autem
645 1599 718 1658 tote
749 1593 904 1659 diffinitio
930 1594 1064 1661 haeresia
1085 1595 1250 1671 convenit,
1274 1595 1449 1660 haereticus

403 1701 461 1758 est
506 1695 571 1759 Sed
594 1695 733 1780 quisque
756 1695 864 1760 fidelis
887 1701 1022 1762 tenetur
1051 1718 1216 1783 opponere
1238 1718 1272 1762 se
1286 1697 1450 1771 haerctico,

403 1802 565 1880 quantum
589 1801 705 1883 potest
754 1797 819 1877 Qui
842 1820 920 1885 ergo
936 1805 1046 1884 potest
1068 1799 1302 1878 contradicere,
1324 1803 1359 1863 et
1382 1819 1449 1862 non

402 1898 606 1973 contradicit,
639 1906 760 1985 peccet,
796 1904 830 1963 et
863 1901 998 1966 videtur
1029 1901 1139 1966 fautor
1168 1922 1246 1980 esse,
1269 1898 1449 1966 secundum

404 2000 485 2064 illud
509 2001 667 2087 Gregorii,
693 2001 792 2065 ‘Non
822 2007 911 2066 caret
941 2002 1094 2089 scrupulo
1117 2004 1282 2069 societatis
1304 2001 1450 2078 occultae,

403 2102 459 2185 qui
491 2102 665 2166 manifesto
695 2103 831 2168 facinori
864 2104 986 2169 desinit
1019 2104 1171 2170 obviare?
1216 2104 1283 2169 Sed
1305 2126 1364 2168 voe
1385 2104 1450 2167 fra-

404 2207 471 2267 tres
492 2204 637 2269 maxime
658 2204 852 2292 obligcmini
874 2205 917 2270 ad
939 2207 1179 2294 oppositionem
1202 2212 1317 2272 contra
1338 2206 1447 2283 talem,

404 2326 479 2368 cum
513 2306 664 2371 habeatis
697 2328 739 2370 ex
771 2306 879 2372 officio
911 2308 1054 2394 gratiam
1093 2308 1300 2396 praedicendi,
1323 2314 1357 2372 et
1390 2328 1450 2392 per

403 2412 633 2493 paupertatem
655 2407 823 2473 liberiores
845 2410 983 2494 injustis·
999 2411 1181 2476 resistendi.
1228 2410 1322 2490 Quia,

518 2553 703 2620 ‘Cantabit
725 2577 849 2619 vacuus
870 2578 978 2620 coram
1001 2556 1130 2622 latrone
1151 2554 1337 2622 viator.’'’¹

448 2702 531 2767 Haec
545 2706 580 2766 et
594 2702 660 2766 alia
674 2703 780 2768 multa
794 2703 948 2790 lugubria
971 2704 1142 2791 proposuit
1165 2705 1253 2769 idem
1277 2703 1449 2788 epiecopus

402 2827 510 2869 coram
531 2805 657 2870 clericis
679 2806 748 2870 suis
770 2812 805 2870 et
826 2805 901 2870 aliis
922 2811 1002 2871 ante
1025 2812 1165 2871 mortem
1186 2806 1337 2892 graviter
1357 2804 1450 2870 infir·

405 2911 522 2985 matus,
546 2908 587 2971 de
613 2906 788 2971 cotidianis
818 2907 927 2973 adhuc
956 2909 1131 2973 condolens
1153 2909 1295 2973 ecclesiae
1316 2928 1450 2994 oppres·

303 3007 309 3018 '
404 3010 558 3085 sionibus,
587 3013 623 3073 et
645 3009 789 3074 maxime
811 3031 924 3074 earnm
946 3010 1139 3076 fautoribus.
1186 3011 1269 3090 Quae
1299 3011 1357 3094 qui
1381 3009 1448 3094 ple

404 3115 479 3176 nius
502 3111 647 3176 voluerit
667 3113 857 3197 perspicere,
879 3113 960 3177 alibi
982 3114 1106 3198 poterit
1129 3111 1299 3176 invenire.²

611 3344 661 3407 De
683 3350 787 3407 ruma
810 3343 882 3426 cius
907 3350 937 3408 ec
961 3344 1073 3426 apere
1095 3344 1245 3429 opertis.3

324 3533 356 3567 c.
451 3501 610 3585 Migravit
632 3500 736 3585 igitur
759 3501 801 3564 ab
825 3501 922 3585 hujus
955 3501 1069 3565 mundi
1104 3502 1203 3566 exilio
1227 3508 1360 3567 sanctus
1383 3501 1447 3564 Ro·

253 3596 275 3671 ,’
306 3611 320 3644 ⁰
347 3611 392 3645 ⁰¹²⁸
404 3600 527 3679 bertus
567 3601 805 3666 Lincolniensis
842 3602 1021 3689 episcopus,
1059 3604 1146 3688 apud
1186 3604 1370 3690 Bugedene,
1413 3603 1448 3666 in

239 3677 294 3776 {lom
320 3678 372 3766 κ’.
404 3710 499 3768 nocte
521 3704 627 3769 sancti
650 3703 804 3782 Dionisii,
827 3704 953 3767 domini
975 3726 1069 3790 pcpae
1091 3711 1126 3770 et
1148 3707 1234 3791 regis
1256 3707 1449 3791 redargutor·

239 3809 265 3842 ¹¹²
316 3796 321 3806 ’
405 3805 603 3882 manifestus,
642 3805 852 3890 praelatorum
890 3811 1064 3893 correptor,
1111 3807 1343 3873 monachorum
1380 3828 1447 3872 cor·

314 3899 319 3909 ’
404 3915 518 3988 rector,
557 3907 810 3994 presbiterorum
845 3908 994 3988 director,
1033 3910 1222 3975 clericorum
1260 3911 1447 3987 instructor,

404 4011 580 4075 scolarium
611 4014 824 4087 sustentator,
855 4010 970 4097 populi
1007 4012 1210 4097 praedicator,
1241 4013 1448 4078 incontinen-

406 4114 491 4177 tium
529 4117 724 4198 persecutor,
763 4113 1000 4198 scripturarum
1046 4114 1178 4178 sedulus
1227 4121 1449 4201 perscrutator

405 4216 618 4293 diversarum,
650 4215 872 4280 Romanorum
906 4215 1043 4280 malleus
1080 4222 1115 4281 et
1137 4223 1350 4302 contemptor.
1405 4217 1448 4282 In

407 4340 518 4383 mensa
540 4317 726 4385 refectionis
748 4318 931 4404 corporalis,
947 4318 1091 4404 dapsilis,
1107 4321 1256 4405 copiosus
1277 4325 1311 4385 et
1333 4319 1449 4399 civilis,

440 4554 446 4582 ¹
464 4556 525 4603 Juv.
538 4555 590 4604 Set
603 4573 628 4605 x.
641 4562 680 4606 22.
985 4557 1038 4606 ιΊΔ
1062 4557 1133 4605 mitre
1155 4559 1205 4606 and
1224 4558 1317 4607 croeier
1335 4557 1449 4607 reversed

438 4632 449 4661 '·'
466 4632 513 4681 See
525 4632 555 4680 u
567 4635 615 4681 and
633 4637 672 4684 ed.
687 4635 766 4687 Wats.
784 4651 823 4698 pp.
836 4639 901 4685 874-
952 4651 994 4686 are
1005 4637 1091 4685 drawn
1103 4636 1130 4684 in
1142 4637 1185 4685 the
1195 4638 1300 4701 margin.

405 4718 461 4764 ⁸76.
