3278 5610
403 770 451 820 aa
472 769 632 821 rurroaa
653 770 755 821 anuis
778 770 925 820 amarer
946 771 1070 820 raam
1191 755 1255 820 299

44 939 358 1018 Ibid·iii-1⁸·preoepu
388 989 422 1003 ..
445 989 452 1002 .
480 968 568 1004 suum
597 948 800 1019 exequendum
827 948 863 1002 de
890 947 1081 1003 subventione
1107 943 1257 1016 pecuniari
1268 942 1337 995 AD·
1352 947 1423 996 12⁴?-

211 1032 306 1085 eidem
325 1033 457 1088 facienda
474 1040 575 1088 eontra
593 1033 807 1097 Frethericum,
824 1032 955 1087 validum
973 1031 1104 1086 ecelesia
1122 1047 1256 1101 persecu·
1269 1043 1296 1085 to
1307 1035 1424 1100 linghud

212 1123 314 1170 torem.
352 1116 437 1171 Unde
449 1135 506 1172 nou
523 1118 645 1171 minima
662 1119 740 1172 facta
756 1123 802 1171 est
819 1133 901 1187 papia
914 1114 1098 1178 contributio,
1112 1121 1143 1168 et
1160 1113 1258 1168 efficax
1269 1111 1296 1151 ¹⁰
1307 1101 1397 1153 0⁰l¹⁰0⁸

211 1200 350 1254 collatum
368 1201 528 1266 auxilium
549 1201 626 1255 lama
644 1200 721 1254 euim
739 1201 893 1263 referente,
913 1200 1060 1254 nitebatur
1078 1198 1156 1253 idem
1174 1193 1257 1266 F[re·
1269 1183 1362 1284 33³⁶?
1373 1169 1413 1285 ξω

211 1283 354 1355 thericus]
374 1285 464 1341 totius
477 1286 610 1340 ecclesiis
628 1290 738 1340 statum
756 1291 919 1348 concutere,
939 1291 969 1338 et
998 1283 1086 1338 etiam
1104 1281 1173 1336 fidei
1191 1299 1257 1334 con·
1323 1251 1394 1298 Μ’

42 1366 197 1420 Ιῐιὶἀ.ἰίἰ20.
212 1370 347 1423 stantiam
365 1387 513 1424 enervare.
559 1369 643 1423 Anno
662 1368 716 1424 sub
735 1367 835 1422 eodem
856 1409 862 1421 .
885 1408 891 1420 .
913 1410 919 1421 .
941 1406 948 1420 .
967 1367 1143 1438 dampnosus
1161 1365 1258 1419 extitit

211 1461 241 1506 et
258 1453 409 1518 terribilia,
430 1459 460 1509 et
477 1472 512 1509 eo
530 1454 634 1524 magis,
648 1453 719 1523 quia
736 1453 881 1508 insolitus.
919 1451 1101 1524 Quapropter
1113 1450 1257 1520 siguifica-

212 1536 290 1590 tivus
309 1537 491 1593 credebatur.
536 1537 619 1592 Mare
637 1537 727 1592 etiam
752 1577 759 1590 .
780 1577 786 1590 .
809 1576 815 1589 .
836 1533 909 1598 dies,
931 1536 983 1591 sed
1012 1535 1099 1590 tertio
1119 1574 1125 1587 .
1147 1575 1153 1586 .
1175 1551 1257 1588 ‚nou

211 1621 333 1676 minima
350 1621 482 1677 finitimis
500 1621 652 1691 irrogavit.
688 1621 727 1675 Et
754 1620 862 1675 iterum
888 1619 1038 1673 redivivus
1063 1623 1255 1679 terremotus,

211 1722 278 1757 cum
299 1707 425 1777 quodam
445 1747 452 1759 .
472 1747 479 1760 .
502 1748 508 1759 .
528 1706 632 1775 lingna
648 1704 798 1760 Ertbdaaa
815 1709 929 1768 vocant,
949 1703 1086 1774 adjuncto
1104 1707 1256 1756 ventorum

211 1786 337 1844 violente
350 1791 476 1853 turbine,
490 1795 654 1845 sunctum
669 1831 675 1842 .
692 1831 697 1842 .
714 1829 721 1843 .
737 1831 744 1842 .
759 1789 914 1859 dissipavit
932 1795 962 1843 et
979 1787 1098 1851 evulsit,
1113 1791 1142 1840 et
1153 1786 1258 1841 robora

210 1871 293 1925 mirae
319 1873 530 1944 magnitudinis
557 1883 719 1936 conterens,
739 1873 880 1928 radicitus
905 1872 1076 1943 extirpando
1094 1869 1257 1942 praecipita·

210 1956 262 2010 rit.
296 1957 380 2012 Unde
398 1959 585 2014 comminatio
603 1955 792 2027 evangelica¹
820 1958 966 2012 mundano
993 1957 1083 2011 statui
1107 1956 1257 2010 evidenter

211 2042 366 2096 convenire
384 2042 547 2098 videbatur.
585 2041 663 2095 Nam
688 2048 719 2096 et
743 2041 871 2096 tonitrus
898 2059 966 2096 cum
992 2040 1120 2096 terribili
1139 2039 1257 2110 fulgure

211 2124 369 2192 praemissis
388 2125 631 2197 adjungebantur.
671 2124 731 2179 Sed
741 2124 843 2180 miseri
855 2125 994 2180 mortales
1006 2142 1059 2179 nec
1078 2123 1257 2195 evangelicis

210 2210 493 2273 comminationibus,
520 2228 574 2265 uec
600 2210 812 2265 elementorum
838 2209 1080 2264 commotionibus
1107 2207 1256 2278 perterriti

210 2292 256 2346 vel
274 2295 421 2364 castigati,
442 2297 570 2366 impetus
588 2294 769 2349 voluntarios
788 2293 919 2348 avaritiae
938 2299 968 2348 et
985 2293 1153 2347 ambitionis
1178 2291 1255 2346 cohi·

210 2376 342 2433 buerunt.
387 2378 499 2434 Diebus
527 2379 581 2433 sub
607 2378 719 2432 eisdem
744 2379 828 2433 missi
855 2382 924 2432 eunt
954 2377 1069 2432 subdoli
1099 2375 1198 2431 sicarii
1228 2382 1258 2430 et
1270 2388 1419 2442 Emi-ui„

209 2462 405 2530 potionatores
424 2481 457 2518 ac
472 2463 669 2534 jugulatores,
697 2480 778 2518 more
795 2463 1015 2524 Assesinorum,
1044 2469 1075 2516 et
1099 2462 1198 2523 etiam,
1225 2462 1362 2532 utum

209 2545 370 2611 dicebatur,
390 2547 475 2617 piper
492 2547 633 2602 infectum
651 2546 688 2601 ab
706 2547 891 2602 institoribus
910 2547 986 2601 inter
1004 2546 1122 2617 papales
1140 2551 1172 2599 et
1188 2544 1258 2598 Fre-
1270 2537 1358 2638 ἔξω
1370 2524 1412 2574 ‘¹¹⁶

209 2629 375 2693 thericalea,
407 2638 450 2694 ut,
479 2630 627 2701 aliquibus
657 2630 851 2701 interemptis,
884 2631 1025 2685 alteruter
1052 2627 1256 2699 triumpharet,
1310 2604 1383 2652 pem

210 2731 285 2783 papa
303 2715 416 2769 scilicet
433 2715 481 2768 vel
500 2714 698 2769 Frethericue,
735 2714 819 2770 Unde
832 2716 967 2770 dominus
980 2731 1054 2785 papa
1071 2715 1177 2769 timens
1190 2712 1256 2777 eibi,

209 2798 295 2852 latuit
313 2799 442 2854 inclusus
461 2799 492 2852 in
510 2805 591 2853 arcto
609 2798 749 2862 conclavi,
770 2800 890 2854 armatu
908 2798 1081 2861 custoditus,
1101 2798 1150 2851 vix
1168 2815 1257 2852 ausus
1269 2802 1323 2879 Tlre
1335 2816 1399 2865 pope

210 2881 240 2934 in
258 2883 364 2952 populo
383 2900 533 2954 apparere,
547 2883 595 2936 vel
608 2881 704 2936 eidem
714 2883 839 2937 verbum
851 2883 907 2937 Dei
919 2883 1089 2952 predicare,
1102 2889 1136 2937 ut
1147 2881 1254 2948 decuit,
1269 2869 1339 2917 ΜΕ·
1351 2868 1414 2916 blm·

43 2962 105 3014 Ibid.
112 2963 195 3015 iiius.
210 2966 240 3018 in
258 2966 375 3035 publico
388 2974 418 3020 et
435 2967 596 3021 manifeste.
636 2965 701 3019 Hoc
719 2982 836 3036 quoque
854 2984 938 3030 anno,
958 2969 1035 3021 facta
1052 2973 1119 3021 est.
1140 3005 1147 3018 .
1167 2933 1322 3020 ‚visi-⁸⁰¹¹²

210 3050 317 3103 tatione
336 3050 468 3105 sarienda
485 3051 516 3103 in
536 3091 542 3104 .
564 3091 571 3103 .
594 3090 600 3102 .
621 3048 658 3103 de
679 3048 858 3118 Thynemue,
878 3050 1010 3105 ecclesiae
1032 3049 1132 3104 Sancti
1149 3049 1256 3104 Albani

211 3136 391 3205 pertinentis.
437 3135 518 3189 Mota
535 3139 634 3188 autem
652 3133 691 3186 lis
710 3134 752 3187 sic
770 3134 948 3205 conquievit,
969 3133 1047 3204 qnod
1065 3133 1096 3187 in
1114 3135 1179 3204 ipsa
1196 3134 1256 3204 epi·

208 3239 314 3292 scopus
331 3220 507 3275 visitationis
524 3218 652 3274 officium
670 3217 834 3273 exercebit²
852 3219 915 3273 siue
927 3236 1014 3273 onere
1031 3219 1253 3288 procurationis.

61 3294 178 3346 llll-⁷⁸⁰·
208 3307 290 3361 Obiit
314 3305 520 3374 Andegravius
548 3303 584 3357 de
612 3302 755 3375 Duringe,
781 3304 813 3356 in
839 3303 925 3372 cujus
952 3304 1018 3357 sinu
1045 3303 1173 3374 reposita
1200 3304 1257 3357 suit

208 3408 274 3461 spes
292 3390 407 3460 papalis
426 3396 457 3442 et
474 3386 658 3442 confidentia.
696 3387 733 3441 In
751 3387 836 3457 cujus
855 3405 925 3442 casu
942 3387 1032 3442 totius
1056 3386 1188 3441 thesauri
1205 3404 1255 3456 pe·
1267 3362 1403 3478 geffigf

208 3476 294 3529 cunia
311 3473 536 3536 inaestimabilis,
563 3489 651 3542 quam
675 3471 811 3526 dominus
832 3489 907 3542 papa
936 3470 1129 3541 undecunque
1154 3469 1256 3541 adqui·
1268 3443 1405 3557 ἐπ’

209 3561 308 3620 sierat,
329 3559 360 3613 in
379 3557 531 3612 Caribdim
549 3556 722 3627 perditionis
746 3556 1005 3610 irrestaurabiliter
1029 3562 1076 3610 est
1093 3555 1253 3609 submersa.
1267 3561 1414 3677 Thurinufixia,

209 3645 290 3699 Obiit
302 3649 332 3697 et
344 3643 435 3697 Fulco
454 3642 489 3696 de
503 3641 703 3704 Castro-novo,
724 3640 820 3705 miles,
834 3640 945 3695 domini
962 3641 1042 3709 regis
1055 3640 1254 3704 consobrinus,
1268 3628 1345 3676 md?
1395 3629 1425 3678 ⁰f

209 3729 374 3790 maeonia,
395 3728 426 3780 in
444 3726 648 3780 runcatione
669 3726 762 3778 usam
773 3725 893 3789 Mirm
913 3730 944 3778 a
962 3725 1095 3794 sepultus
1115 3721 1207 3795 [aar
1224 3725 1256 3778 in
1268 3694 1416 3812 ffiffift

210 3813 334 3867 ecclesia
356 3808 618 3865 westmonasterii.
668 3808 845 3871 Willelmus,
871 3826 968 3863 comes
992 3808 1156 3873 Holandiae‚
1182 3777 1389 3890 papawffljai„

210 3902 393 3968 procurante,
413 3896 444 3949 in
466 3912 568 3964 regem
586 3894 778 3958 Alamanniae,
798 3899 832 3948 ut
858 3893 901 3948 sic
919 3893 950 3947 in
967 3888 1125 3963 imperium
1142 3909 1256 3963 promo·
1268 3896 1386 3944 conatos

210 3987 322 4044 vestm,
336 3980 466 4048 eligitur.
505 3978 541 4031 In
553 3977 637 4046 eujus
650 3977 831 4045 promotione
843 3994 919 4047 papa
935 3975 1089 4031 thesauros
1107 3976 1256 4046 impretia-
1268 3960 1388 4074 Ῑῗθηωᾶι

210 4067 293 4129 biles,
317 4081 389 4134 quos
408 4063 444 4116 ab
462 4061 586 4116 ecclesia
607 4061 755 4116 emunxit‘
771 4062 935 4132 Anglioaua
952 4061 1098 4131 praecipue
1116 4067 1147 4114 et
1165 4058 1256 4114 Galli-
1268 4029 1373 4142 {ffl‘gf

210 4168 288 4209 caua,
303 4147 459 4217 congessit.
491 4143 550 4199 Sed
561 4145 659 4199 omnia
670 4144 755 4214 quasi
773 4145 804 4198 in
822 4144 921 4214 pelagi
933 4150 1081 4199 veratrum
1093 4143 1141 4198 vel
1158 4143 1255 4213 petitu
1268 4110 1404 4225 (tagum,

210 4237 360 4288 baratrum
378 4228 647 4300 irrecuperabiliter
666 4235 735 4283 aunt
751 4227 892 4299 projecta,
912 4229 990 4283 sicut
1007 4244 1131 4298 sequena
1159 4243 1255 4285 sumo

209 4317 325 4388 plenius
343 4332 396 4369 suo
408 4321 538 4383 tempore
558 4311 735 4377 declarabit3
754 4317 788 4366 ut
799 4311 865 4365 luce
878 4311 987 4366 clarius
1001 4317 1098 4381 pateat
1109 4309 1252 4374 omnem,

307 4451 325 4456 .-
796 4445 844 4449 --
921 4445 1037 4450 .--—
1050 4445 1126 4450 ..-.-
1154 4445 1243 4451 -.-

243 4539 247 4568 ¹
267 4534 419 4603 euangelica]
450 4532 618 4597 euuangeliea,
642 4532 706 4582 MS..
788 4531 799 4562 ³
816 4532 864 4597 est]
885 4531 996 4581 Omitted
1007 4531 1033 4580 iu
1045 4531 1101 4582 MS.

206 4621 254 4669 and
265 4615 424 4681 wuanpelicra
435 4615 528 4664 further
539 4629 578 4662 ou.
788 4612 798 4642 ⁴
816 4611 932 4676 anunm]
950 4611 1078 4671 amerit,
1089 4611 1145 4664 MS.

241 4700 249 4728 ·'
270 4696 403 4762 amobit]
424 4693 573 4755 exarabit,
585 4693 640 4744 MS.
