3278 5610
359 762 421 824 140
482 772 649 824 ulrrnm
671 773 883 825 rmmrnrsrs
906 775 1070 825 fflsrorua
1089 773 1290 827 lucrosum

185 955 254 1007 Ab.
271 960 342 1006 12⁵³·
356 948 531 1014 Trinitatis
554 949 663 1036 parati
686 954 794 1015 essent
817 949 907 1036 apud
923 950 1115 1016 Portesmue
1138 951 1175 1015 in
1197 951 1406 1017 Wasconiam

186 1035 344 1153 mm
355 1050 610 1116 transfretaturi
674 1051 892 1138 Congregatis
925 1051 1031 1138 igitur
1062 1051 1188 1118 ibidem
1222 1073 1297 1117 cum
1328 1075 1406 1140 rege

187 1184 342 1236 accompany
355 1153 545 1217 necessariis
567 1153 730 1230 omnibus,
755 1157 876 1240 negato
899 1153 1026 1219 diutius
1048 1159 1161 1231 vento,
1186 1175 1277 1220 mora
1299 1154 1406 1220 otiosa

186 1235 313 1368 {gean
354 1255 569 1339 protrahitur,
593 1257 628 1320 et
650 1255 826 1320 thesaurus
849 1275 923 1319 curu
942 1254 1083 1341 jacturis
1106 1254 1181 1320 aliis
1202 1256 1394 1322 minoratur.

187 1370 275 1420 onthe

189 1440 218 1486 lt
231 1436 308 1488 June.

574 1502 647 1568 Rae
668 1501 868 1589 transfretat
889 1501 932 1568 ia
961 1502 1182 1570 Woccortiusm.

212 1661 308 1726 sung.
400 1646 550 1714 Octav0¹
586 1670 665 1715 vero
697 1649 773 1715 idus
808 1649 961 1735 Augusti,
992 1655 1093 1716 vento
1127 1648 1303 1729 arridente,
1336 1673 1404 1728 rex,

185 1741 300 1858 {wit
353 1750 545 1816 constitutis
566 1752 685 1816 comite
708 1751 850 1817 Ricardo
872 1756 908 1817 et
929 1751 1046 1838 regina
1077 1751 1172 1838 regni
1203 1751 1402 1830 custodibus,

187 1874 276 1924 Porn-
354 1873 475 1917 navem
515 1853 666 1918 ascendit
703 1853 795 1939 apud
832 1853 1035 1930 Portssmoe,
1068 1852 1307 1919 comitantibus
1338 1857 1404 1918 tre·

185 1939 483 2057 ffiffigtmdcenffifl²
513 1954 642 2041 magnis
676 1955 826 2032 navibus,
851 1975 924 2020 cum
957 1953 1058 2020 classo
1080 1974 1261 2019 numerosa
1309 1953 1404 2021 Circa

186 2073 329 2130 Boream,
355 2055 625 2141 Assumptionem
648 2055 756 2122 beatae
779 2056 895 2122 Mariae
918 2055 1079 2144 applicuit
1112 2056 1200 2141 apud
1236 2055 1403 2144 Burdoga-

190 2143 219 2187 ¹⁵
232 2139 302 2246 Arg.
356 2156 422 2221 lim.
486 2156 665 2243 Susceptus
698 2157 802 2244 igitur
835 2163 1035 2237 reverenter,
1068 2161 1109 2222 ut
1147 2155 1266 2234 decuit,
1300 2156 1404 2242 jussit

186 2230 341 2362 ffbgffigssq
356 2257 431 2324 ilico
454 2258 616 2344 Regulam
638 2257 808 2324 obsidione
831 2258 958 2336 vallari,
981 2259 1040 2324 ubi
1071 2259 1306 2345 quamplurimi
1328 2259 1404 2324 hos-

356 2360 438 2425 tium
462 2380 597 2425 suorum
625 2359 905 2426 Gasconensium³
926 2359 1116 2438 latitabant,
1149 2360 1221 2447 ipso
1256 2359 1403 2427 Gastone

355 2463 397 2526 ad
420 2482 530 2549 regem
554 2460 729 2549 Hispaniae
752 2462 958 2549 confugente.

391 2702 528 2769 litterae
552 2687 700 2790 episcopi
723 2701 978 2769 Linootot'ertet'e
992 2702 1130 2770 Robertt‘
1152 2702 1200 2769 ud
1221 2725 1363 2791 pulpam.

185 2865 284 2915 Leaen
399 2851 483 2916 (lum
514 2872 573 2937 per
605 2850 786 2938 apostolica
824 2849 947 2936 scripta
977 2851 1202 2938 significatum
1235 2857 1320 2917 esset
1341 2853 1401 2918 ali·

185 2931 339 3063 ᾗξῗζζξζ
352 2953 481 3038 quibus,
520 2957 554 3016 et
592 2952 755 3039 praecipue
794 2952 944 3039 episcopo
983 2951 1206 3017 Lincolniensi
1244 2953 1400 3031 Roberto,

185 3065 340 3127 ofLineoln,
353 3053 509 3140 quatinus
542 3055 699 3140 quiddam
731 3054 885 3131 facerent,
910 3054 998 3140 quod
1029 3055 1077 3119 eis
1099 3054 1278 3119 videbatur
1300 3055 1401 3141 injus·

185 3130 340 3196 tothepope.
353 3162 434 3236 tum,
457 3156 625 3241 rescripsit
646 3155 753 3221 eidem
776 3177 869 3244 papae
904 3155 1100 3220 Innocentio
1126 3156 1295 3242 episcopus
1317 3178 1401 3243 prte-

352 3259 468 3336 dictus,
492 3258 529 3323 in
551 3259 620 3324 haec
642 3258 764 3323 verba:

183 3454 252 3507 Ab.
268 3462 339 3507 ¹2⁵³·
705 3465 842 3534 Litterae
864 3464 1036 3554 epscoptt

388 3605 543 3660 Salutem.⁶
578 3604 723 3661 Noverit⁶
741 3604 881 3660 diseretio
898 3609 1007 3668 vestra,
1028 3602 1107 3674 qnod
1124 3601 1269 3657 mandatis
1287 3608 1401 3673 aposto·

352 3689 417 3743 licis
437 3687 588 3742 affectione
607 3687 691 3742 filiali
709 3686 834 3742 devote⁷
853 3692 884 3742 et
906 3690 1074 3743 reverenter
1093 3684 1204 3740 obedio.
1241 3683 1310 3740 Hiis
1329 3701 1400 3755 quo·

384 3905 392 3936 ¹
414 3904 519 3970 Octavo]
539 3904 740 3956 Onanmmure
872 3907 875 3953 1
896 3904 976 3954 under
996 3902 1037 3952 his
1064 3917 1122 3952 ovn
1150 3903 1226 3967 eye);
1256 3901 1310 3951 also
1338 3901 1400 3951 with

384 3985 394 4016 ²
412 3984 538 4049 trecentis]
557 3983 695 4045 trescentis,
706 3982 762 4033 MS.
896 3981 1027 4032 “Roberti
1050 3980 1206 4031 Grosseteste
1224 3979 1306 4044 Epire.
1326 3979 1399 4029 Lino.

383 4064 394 4096 ³
415 4062 618 4126 Gaeeonener'um]
651 4059 854 4124 Gastonensium,
872 4032 875 4111 l
896 4059 1292 4124 Epistoloe,”edLuard,p.482.
1318 4058 1400 4123 Many

353 4141 408 4194 ms
423 4141 514 4193 anun
872 4117 1034 4201 lasaron
1056 4138 1084 4187 n
1105 4137 1148 4187 aa
1171 4137 1270 4201 printed
1295 4143 1352 4187 text
1372 4135 1403 4187 or

384 4222 394 4253 ⁴
412 4221 476 4271 This
487 4221 628 4271 celebrated
639 4220 712 4270 letter
728 4219 773 4269 has
790 4220 853 4268 been
872 4208 874 4226 '
895 4216 1130 4268 PerkerandWata
1141 4216 1248 4280 proceed
1262 4215 1324 4281 only
1333 4215 1400 4266 from

351 4302 460 4351 collated
472 4299 532 4349 with
543 4299 587 4350 the
603 4298 689 4363 copies
709 4298 736 4347 in
755 4297 788 4346 B.
803 4299 853 4347 and
895 4296 937 4346 the
946 4295 1071 4360 arbitrary
1080 4294 1225 4345 alterations
1233 4294 1306 4344 made
1314 4295 1349 4359 by
1357 4294 1399 4346 the

351 4381 393 4430 the
417 4379 518 4429 “Liber
536 4376 802 4436 Additamentommss’
824 4375 852 4425 in
894 4375 995 4434 tormer,
1007 4375 1058 4424 and
1069 4388 1112 4424 are
1123 4381 1169 4424 not
1179 4373 1238 4424 here
1246 4372 1357 4424 notieed.

351 4457 408 4507 MS.
421 4458 498 4520 Cott,
509 4457 552 4506 fol.
568 4459 614 4506 117
627 4455 649 4517 b,
666 4456 741 4519 (both
752 4454 853 4505 written
872 4460 874 4559 p
927 4455 938 4487 ⁶
958 4452 1079 4518 Salutem]
1100 4453 1156 4504 Om.
1167 4453 1233 4504 Cott.
1242 4454 1294 4502 and
1304 4453 1398 4502 Luard.

351 4536 387 4601 by
398 4536 440 4586 the
451 4536 519 4585 band
530 4534 559 4585 of
567 4535 688 4585 Matthev
696 4533 791 4598 Paria)
803 4535 853 4583 and
928 4532 939 4564 ⁸
956 4531 1074 4597 Noverit]
1095 4531 1203 4582 Noverit
1214 4539 1305 4593 autem,
1317 4530 1383 4582 cota

351 4613 412 4663 with
435 4613 527 4663 E.and
545 4613 586 4662 the
607 4613 730 4663 Chetbam
749 4612 804 4664 ΜΕ.
827 4611 856 4661 ol
929 4610 1052 4677 ⁷devote]
1066 4610 1169 4660 omnino
1179 4618 1204 4661 et
1213 4611 1310 4670 devote,
1319 4609 1398 4670 Cott,;

352 4692 437 4742 Ftorer
461 4690 629 4740 Historiarum
657 4691 731 4753 (both
754 4690 852 4742 written
895 4689 1165 4751 omninodevote,Lu.
