3278 5610
369 805 390 865 4
488 815 654 866 uirium
676 813 888 864 ruursrnnsm
910 809 1077 862 mercum
1098 808 1302 861 uuouoauu

203 990 579 1057 commemorarem
600 989 745 1077 prelatis
767 994 802 1054 et
824 987 947 1053 clericis
969 1008 1028 1073 per
1042 985 1314 1052 cantuariensem
1337 985 1417 1052 civi·

203 1078 354 1200 ffiffi
372 1099 484 1172 tatem,
515 1090 666 1158 diocesim
696 1096 732 1157 et
759 1089 963 1178 provinciam
985 1089 1184 1164 constitutis,
1209 1089 1350 1154 salutem
1382 1093 1419 1154 et

205 1216 338 1292 alluens·
372 1195 581 1283 apostolicam
626 1190 916 1260 benedictionem.”
968 1191 1106 1278 Respice
1150 1192 1186 1256 in
1232 1189 1417 1279 Originali.¹

205 1283 265 1398 ἐξ·
275 1295 302 1328 ¹¹¹
313 1277 353 1327 ¹¹¹⁸
372 1298 475 1386 Cujus
489 1319 618 1362 summa
640 1297 710 1362 haec
732 1301 801 1362 est:
826 1305 843 1331 “
855 1295 982 1360 Damus
997 1294 1178 1360 venerabili
1193 1295 1290 1360 fratri
1304 1298 1418 1360 nostro

205 1361 333 1466 eoml-
373 1400 604 1466 Herefordensi
628 1399 777 1486 episcopo
799 1397 835 1462 in
856 1396 1032 1473 mandatis,
1054 1403 1093 1462 ut
1115 1397 1186 1484 ipse
1207 1419 1266 1484 per
1287 1403 1417 1484 septen-

205 1482 354 1613 }ffiffie
372 1503 474 1580 nium,
506 1508 540 1567 et
565 1524 631 1567 non
663 1501 760 1578 ultra,
787 1499 935 1565 omnium
963 1497 1196 1565 beneficiorum
1225 1500 1418 1566 ecelesiasti-

205 1612 316 1665 sessor
373 1626 590 1691 eorumquae
615 1603 767 1690 deinceps
799 1601 836 1666 in
870 1602 1014 1681 civitate,
1038 1600 1158 1667 diocesi
1181 1608 1215 1667 et
1237 1602 1419 1689 'provincia

206 1682 307 1733 them
373 1707 606 1775 Cantuariensi
629 1705 806 1784 vacabunt,
822 1704 920 1791 primi
942 1705 1023 1769 anni
1049 1709 1240 1790 proventus,
1255 1727 1360 1791 usque
1375 1706 1418 1770 ad

373 1809 485 1874 decem
501 1809 628 1874 milium
644 1828 827 1874 marcarum
849 1804 1033 1885 summam,²
1055 1828 1129 1893 quae
1144 1807 1173 1873 si
1187 1812 1266 1872 ante
1292 1807 1418 1873 dictum

373 1912 580 1997 septennium
602 1910 716 1976 haberi
738 1909 869 1997 poterit,
885 1908 934 1973 nil
955 1908 1096 1996 amplius
1110 1910 1275 1995 exigatur,
1291 1932 1419 1976 necnon

374 2012 555 2079 duomilia
577 2035 759 2079 marearum
782 2012 822 2077 de
843 2011 947 2098 ipsius
970 2012 1203 2098 archiepiscopi
1232 2013 1418 2080 redditibus

374 2115 507 2202 colligat
528 2115 711 2194 annuatim,
743 2120 777 2181 et
808 2119 980 2180 convertat
1012 2114 1156 2180 fideliter
1188 2115 1225 2179 in
1256 2116 1418 2182 solutione

209 2232 364 2297 Surpriseol
374 2217 561 2284 debitorum
598 2217 739 2284 ecclesiae
777 2214 993 2282 memoratae.''
1047 2216 1089 2281 In
1134 2217 1232 2305 hujus
1270 2218 1418 2284 mandati

207 2299 348 2431 fflgffi
373 2320 544 2407 principio,
576 2320 655 2407 quia
683 2341 807 2385 novum
840 2319 906 2385 fuit
935 2322 971 2384 et
1001 2340 1111 2406 grave,
1145 2342 1257 2386 omnes
1289 2321 1419 2408 Angliae

208 2432 361 2510 orthpking
374 2422 502 2508 praelati
524 2427 558 2488 et
580 2422 688 2488 clerici
710 2422 953 2508 obstupuerunt
974 2442 1074 2507 supra
1096 2421 1185 2507 quod
1208 2422 1273 2488 dici
1303 2429 1418 2510 posset

207 2499 331 2616 mm
373 2525 447 2591 Rex
468 2526 569 2592 etiam
591 2546 694 2610 usque
716 2525 760 2588 ad
781 2522 918 2610 spiritus
939 2521 1195 2589 amaritudinem
1225 2527 1418 2614 angebatur,

375 2625 466 2714 [θο]3
488 2627 576 2715 quod
590 2631 643 2692 tot
656 2625 857 2713 argumentis
873 2645 968 2690 suum
983 2646 1122 2712 regnum
1138 2628 1421 2715 contemplabatur

374 2729 441 2796 suis
463 2729 559 2796 bonis
581 2751 650 2795 esse
671 2727 858 2815 spoliatum.
903 2726 1045 2813 Insuper
1067 2729 1295 2795 considerabat
1317 2731 1420 2796 dorni·

375 2854 438 2898 nus
458 2854 528 2913 rex,
551 2831 639 2919 quod
665 2830 734 2897 haec
764 2830 875 2895 omnia
897 2829 933 2892 in
956 2829 1096 2895 dedecus
1119 2831 1211 2898 beati
1242 2833 1419 2913 Edmundi,

376 2934 621 3001 cantuariensis
643 2931 885 3019 archiepiscopi,
909 2931 1002 3019 cujus
1032 2939 1160 3000 amator
1182 2936 1331 3022 specialis
1353 2957 1421 3002 esse

375 3037 549 3125 inceperat,
583 3035 783 3124 [redundare
809 3033 1068 3121 videbantur];⁴
1091 3036 1169 3122 quia
1192 3038 1238 3104 sic
1260 3037 1421 3126 dilapida-

375 3144 428 3205 tor
453 3144 487 3205 et
509 3137 671 3206 suffator⁶
696 3160 764 3223 suae
792 3137 934 3203 eeclesiae
960 3137 1078 3203 datum
1102 3144 1152 3204 est
1174 3140 1256 3205 satis
1278 3139 1421 3228 intelligi

373 3248 408 3309 et
429 3243 505 3309 seiri
531 3242 663 3331 planius
697 3241 855 3307 extitisse.
923 3239 1023 3319 Quod
1046 3246 1176 3306 constat
1198 3264 1263 3307 non
1289 3247 1417 3308 tantum

372 3347 504 3411 domino
527 3346 604 3432 regi,
629 3345 686 3409 sed
709 3343 862 3408 omnibus
885 3363 977 3406 sanae
1009 3344 1217 3410 conscientiae
1249 3346 1421 3434 qua'nrplu-

371 3449 492 3512 rimum
516 3446 729 3534 displicuisse,
762 3450 898 3531 propter
929 3443 1008 3508 dieti
1042 3445 1233 3513 confessoris
1264 3450 1420 3514 sanctita·

372 3548 465 3616 tern.⁶

407 3827 413 3858 ¹
432 3825 538 3892 Respice
559 3827 584 3875 in
606 3823 745 3890 Oriqiuoli]
764 3824 875 3876 Written
896 3817 900 3927 p
953 3825 1099 3894 ⁵suffator]
1118 3829 1149 3878 In
1161 3829 1201 3893 R,
1211 3830 1353 3896 extirpator.

370 3924 447 3972 onan
460 3921 569 3959 erasure
603 3904 876 3956 Theseleltersarest
954 3903 1159 3972 “mumreqncnr
1177 3946 1184 3958 .
1202 3942 1209 3957 .
1227 3948 1233 3960 .
1250 3912 1417 3978 natitatem]

351 3996 353 4003 '
370 3986 458 4054 length
470 3987 497 4037 in
509 3986 540 4036 B.
553 3985 582 4038 C.
595 3986 648 4050 (ed.
660 3985 742 4046 Wata
761 4001 786 4049 p.
804 3987 874 4051 6⁹2),
919 3983 1030 4035 Writtcn
1043 4001 1076 4035 on
1088 3986 1183 4051 spiere
1192 3989 1323 4040 ossellum
1334 3992 1419 4055 partes

369 4071 418 4120 dat.
429 4069 524 4133 Lycus,
534 4065 588 4115 '‘ri.
597 4066 648 4115 kal.
656 4065 724 4129 Sept
735 4065 780 4130 [27
789 4065 871 4131 Aug]
919 4079 979 4114 over
985 4064 1028 4115 the
1035 4065 1144 4132 original
1150 4074 1212 4128 text,
1220 4068 1419 4136 whichispnrtly

369 4155 437 4213 pont
450 4144 597 4198 annoiii⁰.''
918 4145 1011 4205 mmcd.
1034 4144 1079 4196 bnt
1101 4162 1149 4198 esn
1172 4147 1225 4199 still
1246 4149 1278 4198 be
1300 4151 1368 4210 read,
1390 4164 1419 4200 ns

402 4227 556 4294 ²rummam]
582 4227 614 4277 In
631 4226 674 4276 the
690 4224 791 4291 margin
808 4224 874 4276 have
918 4223 1024 4288 follows,
1048 4228 1190 4293 ancyram
1213 4245 1261 4292 per
1283 4228 1418 4280 Romam

368 4309 430 4358 been
438 4309 518 4359 added
523 4309 581 4372 (bnt
587 4306 765 4371 subsequently
772 4307 872 4371 crased)
917 4305 1020 4366 curiam,
1031 4307 1139 4372 nonjrrm
1146 4309 1272 4357 annuatim
1280 4308 1324 4358 red
1333 4307 1417 4359 diatim

369 4386 413 4437 the
425 4386 553 4451 following
561 4387 652 4447 words,
661 4383 872 4452 eollipatadruus
917 4400 1015 4448 raptum
1055 4385 1153 4452 Auplioe
1194 4385 1418 4453 depauperabalur.

373 4467 558 4518 cantuariensis
569 4465 754 4531 archiepiscopi.
918 4465 970 4516 Sed
991 4469 1098 4517 verrunt
1123 4468 1293 4530 Romanoeum,
1314 4486 1368 4535 quoe
1391 4471 1417 4519 in

402 4543 413 4575 ³
430 4544 469 4608 eo]
490 4543 611 4607 Supplied
622 4545 687 4596 from
699 4546 729 4596 E.
916 4544 961 4595 doc
978 4545 1057 4607 callet,
1067 4549 1173 4598 studiose
1191 4551 1298 4615 imperiis
1316 4551 1417 4600 omnium

403 4622 412 4653 ⁴
430 4620 566 4672 redeurdure
576 4623 729 4691 uidebamur]
751 4627 870 4691 Supplicd
891 4668 894 4691 ,
916 4627 1131 4678 contradicentium
1154 4629 1292 4694 [animost]
1317 4645 1416 4679 enerua-

370 4703 434 4752 srom
447 4700 477 4753 E.
891 4768 893 4774 A
919 4708 959 4757 rit.
997 4708 1064 4768 Quia
1077 4707 1416 4775 reueru,clerus9eneruliler
