3278 5610
291 753 355 813 340
379 766 545 816 ttal'tllAEt
569 765 780 816 raarsrnssrs
802 764 1032 815 Acaanvmrro
1055 766 1322 815 canonicorum.

120 939 191 989 al).
207 946 279 990 1254.
291 937 366 991 iiiia.
387 938 467 992 viros
479 937 685 1008 religiosorum
703 936 814 1001 fideles,
834 941 864 990 ct
881 936 1071 1007 praepositum
1088 935 1146 991 loci
1164 937 1196 990 in
1214 935 1348 1006 singulis

122 1016 239 1094 ttsilliam
246 1021 277 1070 de
290 1022 438 1075 maneriis.
478 1019 653 1092 Supplevit¹
672 1026 770 1075 autem
788 1026 857 1074 tunc
876 1021 1002 1074 officium
1016 1019 1184 1074 cancellarii
1197 1020 1348 1091 magister

122 1082 260 1201 Ῑῗήξὲἓῃζ
290 1104 456 1160 Willelmns
482 1105 518 1158 de
546 1104 695 1175 Kilkenny
720 1104 850 1158 modeste
875 1110 905 1158 et
922 1103 1120 1167 laudabiliter,
1141 1103 1192 1172 qui
1219 1097 1253 1159 et
1275 1121 1346 1158 can·

122 1165 213 1282 ἦ),
245 1168 269 1216 p'
288 1188 425 1242 cellarius
452 1188 615 1259 appellatus
646 1193 698 1242 est.
737 1187 805 1241 Non
828 1187 922 1242 multo
950 1194 1017 1256 post
1045 1186 1157 1241 electus
1189 1192 1236 1241 est
1261 1186 1345 1240 idem

123 1256 260 1334 Deamjof
288 1273 431 1342 magister
458 1272 625 1326 Willelmus
652 1271 682 1323 in
707 1270 876 1341 episcopum
896 1268 1079 1340 Elyensem.²
1115 1268 1203 1324 Circa
1220 1269 1344 1325 eosdem
1376 1265 1422 1318 ¹⁴0¹·
1435 1267 1497 1317 ⁹²⁶·

122 1347 193 1399 three
288 1355 351 1409 dies
370 1355 506 1409 obierunt
523 1359 584 1409 tres
604 1353 723 1408 abbates
742 1354 772 1406 in
791 1353 928 1416 Marisco,
948 1352 1088 1408 videlicet
1106 1353 1142 1408 de
1161 1351 1342 1424 Croylande,

120 1416 218 1532 ³pr
289 1440 325 1493 de
350 1439 495 1508 Thorney‚
514 1443 544 1492 et
562 1438 654 1492 bonus
673 1436 762 1490 abbas
781 1437 818 1490 de
837 1436 1012 1507 Rameysey,
1033 1437 1146 1491 scilicet
1169 1436 1345 1492 Willelmus

122 1546 178 1597 The
190 1493 254 1614 51⁰,ss
288 1522 325 1576 de
344 1521 480 1584 Hacholt,
506 1521 563 1575 xvi.
593 1520 732 1574 kalendas
757 1519 957 1574 Novembris.³
993 1519 1056 1574 Rex
1084 1519 1277 1585 Francorum,
1304 1520 1345 1574 ad

120 1614 256 1665 ofFranee
288 1605 407 1676 propria
424 1622 570 1668 reversus,
591 1604 702 1657 nullam
726 1603 880 1658 admittere
907 1603 1001 1658 voluit
1019 1604 1256 1668 consolationem,
1278 1604 1343 1668 sed,

121 1694 156 1727 ⁰¹¹
169 1681 209 1730 ¹15⁸
288 1689 381 1744 oculis
407 1689 438 1742 in
463 1694 572 1743 terram
598 1686 711 1750 defixis,
731 1705 798 1741 cum
818 1705 932 1742 summa
957 1687 1079 1742 tristitia
1097 1693 1127 1742 et
1144 1687 1258 1742 crebris
1277 1706 1344 1743 sus-

121 1753 263 1864 ξξξξζὲηῃ
288 1773 373 1844 piriis
400 1771 640 1842 imaginabatur⁴
668 1770 831 1840 captionem
851 1788 943 1834 suam,
964 1776 994 1825 et
1011 1788 1064 1841 per
1082 1788 1147 1825 earn
1166 1769 1345 1826 Christiani·

120 1881 235 1929 eonwla,
288 1857 358 1911 tatis
388 1856 555 1926 generalem
593 1855 802 1909 contusionem.
858 1853 987 1908 Tandem
1025 1853 1145 1924 quidam
1183 1856 1343 1927 episcopus
1445 1920 1448 1924 ἡ

118 1943 180 1996 tion.
289 1945 406 1995 sanctus
419 1940 570 1994 consolans
583 1956 661 2002 eum,
675 1937 725 2002 ait,
739 1941 757 1964 ‘⁶
770 1937 857 2002 Cave,
872 1938 997 2001 domine,
1012 1955 1048 1992 ne
1061 1939 1091 1992 in
1104 1938 1163 1992 tale
1176 1938 1299 1993 taedium
1312 1947 1345 1994 et

286 2023 439 2078 tristitiam
451 2022 644 2093 praecipiteris
656 2044 662 2086 ;
676 2021 889 2076 maximumest
900 2022 977 2075 enim
985 2030 1146 2092 peccatum,
1158 2024 1227 2094 quia
1235 2023 1345 2079 Sancto

288 2108 413 2178 Spiritui
426 2107 558 2176 procedit
570 2107 600 2159 in
612 2105 826 2176 praejudicium.
865 2105 967 2160 Reduc
979 2113 1046 2161 ante
1058 2107 1157 2161 oculos
1169 2108 1342 2178 patientiam

288 2192 355 2255 Job,
385 2190 571 2250 tolerantiam
596 2189 759 2254 Eustachii,
788 2195 818 2243 et
843 2190 885 2243 sic
916 2190 952 2244 de
980 2191 1078 2245 aliis.''
1115 2190 1172 2245 Cui
1199 2208 1260 2257 rex,
1277 2193 1341 2247 “Si

287 2275 367 2330 solus
380 2274 569 2345 obprobrium
588 2279 703 2343 paterer
721 2279 751 2327 et
769 2273 986 2337 adversitatem,
1007 2279 1037 2328 et
1060 2291 1117 2328 non
1141 2274 1343 2332 redundarent

286 2365 406 2430 peccata
436 2375 502 2412 mea
531 2357 562 2410 in
586 2356 761 2410 ecclesiam⁵
780 2357 986 2420 universalem,
1007 2356 1229 2427 aequanimiter⁶
1248 2361 1339 2415 susti-

286 2441 414 2497 nerem.”
452 2441 613 2495 Decantata
637 2440 731 2510 igitur
758 2440 849 2494 missa
874 2442 905 2494 in
930 2441 1038 2495 honore
1066 2441 1165 2496 Sancti
1197 2442 1339 2514 Spiritus,

286 2543 339 2596 per
363 2525 419 2579 Dei
438 2524 565 2595 gratiam
588 2525 699 2578 monita
717 2523 840 2578 admisit
858 2541 909 2577 rex
932 2525 1147 2580 consolationis.
1185 2525 1249 2580 Rex
1267 2545 1340 2598 quo-

287 2627 343 2679 que
362 2607 490 2679 Angliae,
510 2607 677 2663 omnimoda
699 2625 770 2678 pace
796 2608 956 2678 composita
981 2626 1049 2662 cum
1073 2626 1144 2679 rege
1172 2609 1338 2681 Hispaniae,

119 2700 264 2765 Henryob
287 2691 538 2747 reditumtsuum
552 2692 582 2744 in
601 2691 743 2761 Angliam
760 2692 930 2746 maturavit.
969 2689 1036 2759 Qui,
1056 2692 1175 2746 licentia
1200 2692 1238 2746 dc
1264 2712 1339 2765 rege

117 2767 183 2817 ΜΝ
194 2768 265 2819 leave
286 2777 466 2831 Francorum
478 2781 605 2848 optenta,
624 2793 678 2846 per
690 2782 800 2830 terram
812 2777 907 2845 magis
920 2776 1011 2845 elegit
1029 2792 1168 2831 remeare.
1207 2776 1338 2849 Cupiens

117 2840 241 2949 {mum
285 2862 404 2932 insuper
420 2878 545 2931 regnum
566 2859 688 2915 visitare
706 2859 894 2924 Francorum,
915 2860 1015 2914 missis
1034 2861 1149 2916 nunciis
1167 2860 1205 2916 ad
1222 2880 1336 2934 regern,

118 2965 229 3031 through
284 2945 434 3000 licentiam
446 2944 617 3015 impetravit
634 2944 814 2998 transeundi.
854 2943 938 3011 Quod
956 2943 1077 2999 audiens
1096 2945 1246 3001 comitissa
1264 2946 1337 3002 Cor-

116 3031 224 3083 Franee.
284 3030 392 3094 nnbiae,
412 3028 491 3100 quod
508 3046 560 3082 rex
583 3028 702 3099 Angliae
722 3027 811 3082 simul
829 3045 896 3082 cum
920 3028 1033 3098 regina,
1057 3046 1156 3084 sorore
1177 3049 1239 3095 sna,
1260 3032 1339 3086 foret

116 3098 173 3149 The
284 3113 463 3169 transiturus
490 3129 544 3182 per
571 3128 696 3182 regnum
718 3110 859 3176 Francius,
880 3116 909 3165 et
928 3111 1005 3181 quod
1024 3112 1128 3182 regina
1145 3113 1336 3182 Francorum,

117 3173 236 3282 ἓξὲξ
285 3197 378 3252 altera
399 3213 482 3250 soror
507 3194 580 3264 ejus,
606 3194 791 3248 venientibus
813 3204 989 3259 occursaret,
1013 3213 1048 3248 ex
1067 3196 1183 3251 indultu
1200 3199 1259 3252 viri
1277 3201 1335 3283 sui,

115 3298 175 3346 „11
286 3281 399 3336 scilicet
417 3279 531 3334 comitis
551 3277 680 3342 Ricardi,
711 3285 744 3332 ut
772 3276 908 3332 sorores⁸
937 3279 1079 3343 visitaret,
1108 3281 1203 3336 multo
1228 3285 1339 3355 stipata

116 3378 213 3415 cresces
286 3364 425 3418 comitatu
452 3361 661 3417 transfretavit.
700 3361 820 3415 Electus
848 3361 966 3416 interim
991 3361 1202 3418 Wintonicnsis
1220 3366 1337 3422 AEthel-

119 3439 218 3545 (ΝὛ
286 3465 385 3501 marus
411 3447 566 3501 monachos
593 3463 660 3499 suos
688 3445 895 3499 miserabiliter
922 3448 1076 3515 oppressit,
1109 3450 1151 3502 ita
1180 3456 1213 3503 ut
1242 3451 1338 3521 aliqui

113 3505 240 3618 ,maer
285 3547 395 3594 eorum,
410 3531 516 3584 mentis
528 3528 721 3584 amaritudine
736 3529 860 3599 fatigati,
874 3547 1023 3599 nunquam
1036 3540 1136 3602 postea
1148 3534 1335 3603 respirarent.

114 3629 266 3692 oppressio„
285 3614 452 3669 Conventus
472 3614 564 3684 igitur
583 3612 757 3667 diverticula
775 3630 908 3682 quaerens
927 3614 1044 3679 tutiora,
1065 3615 1215 3685 dispersus
1235 3621 1337 3674 estad

114 3698 146 3743 ot'
153 3696 196 3745 the
284 3698 537 3767 diversaadomus
556 3697 645 3768 Nigri
658 3696 787 3760 Ordinis,
808 3698 905 3767 gratia
922 3698 1147 3768 perendinandi;
1166 3718 1217 3754 rex
1235 3709 1334 3757 autem

115 3763 246 3877 Ῑζῑῐῳὶοἷ
282 3784 484 3854 improperans
503 3781 530 3834 ei
550 3798 637 3850 super
656 3780 719 3842 hoc,
741 3780 818 3851 quod
842 3781 976 3851 ingratus
995 3781 1120 3837 dedecus
1134 3784 1262 3840 reddidit
1281 3805 1335 3857 pro

114 3845 252 3959 ωιῖζῑῗθ
281 3867 399 3929 honore,
427 3882 479 3935 pro
505 3863 645 3918 beneficio
670 3863 812 3918 malitiam
842 3864 1035 3934 rependendo.
1074 3867 1193 3922 Electus
1223 3876 1332 3935 autem,

115 3962 239 4024 huelem„
281 3949 426 4004 mandatis
444 3947 612 4017 hujusmodi
640 3965 697 4001 non
725 3947 938 4018 obtemperans,
967 3949 1031 4003 loco
1049 3968 1150 4005 corum
1169 3952 1220 4023 qui
1239 3971 1334 4009 reces-

280 4040 386 4097 serant,
408 4032 544 4102 indignos
568 4030 750 4086 cucullavit.⁹
786 4032 888 4087 Priore
918 4039 1016 4087 autem
1043 4034 1166 4090 Romam
1196 4036 1332 4104 adeunte,

314 4211 321 4242 ¹
343 4209 484 4275 Supplevit]
505 4207 628 4272 Suplevit,
640 4207 696 4258 MS.

861 4207 1028 4274 ⁵·ecclesiam]
1061 4211 1187 4274 Repented
1208 4212 1332 4274 superfiu-

313 4290 324 4322 2
340 4290 368 4340 A
384 4290 457 4340 mitre
474 4291 524 4340 aud
536 4288 629 4338 crosier
640 4303 681 4338 are
699 4288 784 4337 drawn
828 4290 900 4353 ously
913 4288 975 4338 aster
988 4287 1155 4339 universatem.

282 4371 371 4419 below.
860 4366 871 4395 ⁶
888 4369 1067 4434 equanimiter]
1081 4369 1136 4419 haec
1148 4368 1329 4432 equanimiter.

313 4448 323 4477 ³
340 4449 372 4498 In
384 4450 426 4499 the
437 4448 536 4513 margin
551 4463 593 4499 are
610 4449 696 4498 marn
714 4448 783 4497 three
826 4446 914 4496 Flores
926 4447 994 4498 Hist.

280 4527 385 4578 erosiers
393 4527 488 4591 joined,
499 4529 624 4578 reversed.
860 4528 870 4564 5
887 4528 1003 4594 reditum]
1023 4529 1133 4590 riditum,
1145 4529 1203 4582 MS.

200 4651 202 4653 ,
312 4608 322 4638 ⁴
341 4607 543 4673 imayinututur]
580 4608 781 4673 ymaginabatur,
859 4607 995 4672 8ιονονει]
1015 4617 1119 4667 sororet,
1131 4608 1188 4659 MS.

279 4685 336 4738 MS.
859 4686 869 4718 ⁹
881 4685 1025 4753 occultavit]
1040 4689 1173 4748 cuculavit,
1185 4689 1241 4741 MS.
